2662 4776
339 346 904 447 ·rnsuonsnurs
1071 371 1120 444 ff

160 534 335 623 consentit.
376 534 479 607 C.'P.
503 553 580 619 337.
623 535 855 605 obcertantium
899 553 1030 620 qunque
1068 550 1122 605 cst
1168 580 1174 592 »-

60 665 62 669 ’
164 678 280 758 illum,
308 696 451 760 quocum
474 697 555 745 uxor
577 661 765 745 adulterium
792 679 978 759 commisit,
1007 679 1115 748 eadem

164 819 245 886 affici
264 838 364 902 poene
380 820 598 903 reclusionis,
619 832 651 887 et
666 830 825 902 praeterea
841 821 1023 905 pecuniaria
1040 839 1121 890 cen·

166 975 237 1027 tum
255 960 437 1030 francorum
461 981 565 1045 usque
589 963 630 1030 ad
648 962 699 1029 bis
716 963 867 1031 millen.
890 963 927 1033 P.
948 967 1023 1047 33⁸·
1042 968 1119 1038 ne-
1196 929 1198 932 ι

169 1104 269 1186 nique
288 1104 423 1174 maritus
440 1123 573 1190 quoque
592 1122 698 1190 petere
716 1121 828 1189 potest
844 1107 1041 1189 divortium,
1065 1112 1119 1176 ael

164 1249 395 1327 separationem
429 1248 493 1314 tori
523 1261 556 1315 ct
584 1266 739 1330 mensae,
770 1267 815 1320 er
839 1269 941 1317 causa
969 1250 1121 1324 adulterii

162 1387 293 1469 uxoris,
304 1390 360 1455 sod
378 1388 406 1454 si
423 1389 596 1458 divortium
616 1389 850 1472 impetraverit,
869 1392 1002 1476 scipso·
1018 1412 1119 1479 uxor,

165 1528 345 1612 inquirente
371 1532 547 1601 ministerio
575 1533 731 1615 publico,
755 1495 970 1609 'conrinmnata
983 1535 1052 1601 erit
1080 1534 1120 1603 ad
1183 1561 1185 1570 ¹

163 1686 298 1750 poenam
323 1676 513 1743 reclusionis
543 1675 579 1745 in
604 1675 700 1742 domo
717 1679 918 1745 ,correctoria
943 1650 1008 1760 'per
1038 1689 1118 1745 teru-
1220 1773 1224 1789 ι

164 1812 254 1892 poris
279 1816 416 1898 spatium
447 1818 543 1883 trium
572 1816 728 1883 mensium
758 1830 863 1900 usque
891 1821 930 1886 ad
955 1821 1039 1887 dnos
1061 1837 1121 1887 an·

103 1991 105 1996 -
166 1970 228 2019 nos
251 1958 270 2039 (
283 1961 350 2043 aa>
377 1960 451 2024 item
485 1961 515 2026 si
549 1959 761 2040 impetraverit
788 1961 1016 2041 separationem
1055 1961 1120 2028 tori

168 2110 200 2160 et
226 2115 351 2166 mensae
372 2101 471 2184 (23)
505 2101 558 2165 sed
583 2101 647 2165 hoc
670 2116 748 2166 casu
775 2101 907 2167 maritus
934 2102 1135 2172 facultatem

169 2254 338 2305 conservat
355 2240 565 2323 impediendi,
590 2240 762 2323 quominus
780 2242 1054 2310 condemnationis
1069 2243 1119 2311 ef·

168 2381 274 2447 fectus
300 2384 484 2463 procedant.
527 2381 590 2449 Hic
617 2386 721 2450 honos
749 2398 781 2450 et
804 2383 897 2458 favor
925 2385 1118 2460 matrimonii

167 2545 224 2594 nec
249 2543 315 2590 non
341 2525 492 2593 maritalis
511 2525 710 2595 auctoritatis
734 2525 897 2610 dignitas,
922 2531 1007 2594 omni
1026 2546 1119 2612 prae·

170 2667 254 2734 sidio
265 2687 301 2733 ac
317 2667 506 2750 splendore,
519 2687 611 2751 quem
629 2670 678 2735 lex
695 2670 735 2733 iis
745 2669 876 2751 tribuit,
897 2671 1010 2736 muniti
1020 2689 1118 2753 appa·

165 2825 235 2879 rent
252 2811 286 2876 in
303 2811 496 2892 differentia,
513 2811 672 2893 quaesit,
690 2825 720 2876 et
730 2811 764 2877 in
782 2781 1007 2895 distinctione,
1022 2830 1118 2893 quarn

164 2952 293 3021 admisit
316 2954 502 3038 legislator,
525 2955 607 3020 inter
630 2971 759 3020 causam
784 2953 916 3020 divortii
939 2968 970 3019 et
989 2972 1116 3021 causam

167 3093 376 3178 separationis
400 3098 463 3162 torl
487 3112 518 3164 et
546 3116 693 3182 mensae3
724 3098 821 3181 haec,
854 3115 890 3164 ut
924 3099 1117 3172 matrimonii

165 3236 332 3306 vinculum
355 3239 531 3321 subsistat,
552 3241 695 3326 patitur,
717 3254 812 3321 atque
829 3258 866 3306 ex
885 3257 923 3306 eo
943 3242 1113 3308 maritalem

46 3361 49 3373 ’
161 3380 345 3467 dignitatem
372 3400 539 3465 superesse
564 3383 688 3467 jussit3
724 3382 828 3454 mariti
859 3383 957 3468 igitur
984 3361 1144 3450 arbitrio
1216 3448 1218 3455 .

1074 3501 1125 3596 rt·¹

204 3705 301 3786 (aa)
329 3710 367 3770 C.
388 3709 426 3768 C.
444 3708 508 3779 298·

199 3808 295 3893 (23)
322 3813 390 3872 Art.
413 3811 449 3872 C.
470 3811 507 3872 C.
526 3812 590 3887 308.
669 3894 671 3901 y

706 3936 783 4030 Ga
