2670 4778
393 389 933 461 rmauouaanrs
1091 419 1134 488 w

233 577 332 642 Porro
363 575 392 640 si
420 576 471 639 lex
504 573 629 645 duabus
657 574 971 656 interpretationibus
997 590 1045 644 est
1079 580 1137 646 ob·

185 719 304 797 noxia,
327 734 451 796 semper
481 733 516 780 ea
544 731 592 783 cst
616 714 839 800 praeferenda,
861 734 941 796 quae
960 735 1026 783 non
1050 739 1134 804 pug.

185 873 239 924 nat
265 877 336 925 cum
368 856 442 922 aliis
469 855 594 940 legibus
615 856 787 937 civilibus,
810 854 875 918 imo
895 875 969 924 cum
995 862 1131 928 sanctis·

162 1000 277 1096 ‘simis
309 1017 432 1065 motum
462 998 651 1081 principiis,
682 1000 746 1081 jam
780 990 884 1077 vcro,
917 997 946 1061 si
977 1018 1133 1086 prorsus,

188 1140 275 1221 quod
304 1141 345 1206 acl
368 1140 487 1204 liberos
512 1139 706 1205 adulterinos
725 1153 787 1205 art.
806 1156 893 1222 240,
923 1139 987 1206 vim
1012 1159 1141 1222 genera·

187 1285 247 1348 lent
275 1298 305 1346 et
325 1282 506 1348 absolutum
529 1281 732 1360 tribuamus,
768 1279 845 1360 quid
873 1278 945 1344 inde
970 1281 1134 1353 efficitur?

186 1442 293 1489 nonne
319 1423 474 1502 efficitur,
497 1422 604 1503 quod,
635 1423 723 1487 nulla
747 1422 815 1504 lege
840 1421 1049 1505 impediente,
1079 1445 1139 1507 pu·

187 1566 272 1630 blice
311 1565 453 1631 incestus
481 1565 732 1645 committatur,
770 1578 856 1645 pater
882 1553 979 1628 'filiam
1016 1566 1137 1651 ducit,

187 1704 284 1772 frater
310 1721 475 1770 serotenus
498 1721 604 1770 nonne
622 1703 808 1769 execrabilis
833 1719 880 1769 est
900 1704 1139 1792 interpretatio,

190 1867 269 1929 quae
308 1847 346 1923 ad
392 1847 547 1930 ejusmodi
590 1844 679 1909 ducit
726 1847 1008 1926 consequentias?
1065 1850 1143 1915 Por·

189 2009 226 2055 ro
255 1988 400 2054 conditio
425 1986 598 2051 liberorum
628 1986 875 2051 adulterinorum
906 1986 1002 2068 longe
1030 1990 1143 2056 melior

190 2128 274 2195 foret
305 2147 399 2209 quam
432 2129 647 2210 naturalium,
677 2127 735 2206 qui
762 2140 865 2192 tamen
892 2127 1009 2210 maiore
1035 2129 1145 2197 favore
1174 2120 1182 2131 ⁸

191 2272 328 2354 gaudent
357 2288 396 2337 ex
425 2272 505 2354 lege.
560 2269 702 2335 Tandem
741 2269 835 2335 liceat
870 2268 1141 2354 animadvertere,

192 2415 320 2497 proprie
346 2426 409 2482 art.
429 2429 492 2494 240
513 2428 580 2476 non
605 2412 739 2492 violari,
763 2414 792 2476 si
818 2412 905 2477 filius
927 2410 1086 2494 legitimus
1107 2414 1144 2481 in

194 2575 270 2622 casu
310 2555 480 2637 proposito
513 2552 627 2634 probet
670 2554 771 2618 filium
805 2554 1005 2634 naturalem,
1048 2572 1143 2636 quem

195 2713 283 2781 pater
309 2698 342 2764 in
374 2709 563 2763 testamento
599 2693 760 2774 vocavit,
799 2713 869 2760 esse
899 2697 1141 2780 adulterinum,

195 2859 291 2920 tram,
323 2857 429 2905 nonne
453 2849 539 2920 pater
562 2838 626 2923 jam
648 2853 720 2899 eum
749 2837 881 2918 agnovit
904 2849 1062 2918 tamquam
1089 2855 1146 2903 na·

194 2983 355 3048 turalern‘l

239 3120 326 3186 Haec
353 3121 477 3201 omnia,
509 3124 653 3203 quamuis
680 3110 773 3187 rebus
795 3120 947 3204 judicatis
976 3123 1042 3186 sint
1067 3139 1148 3186 con·

196 3261 310 3342 traria,
340 3275 443 3326 tamen
469 3275 531 3326 tam
560 3265 665 3346 magni
689 3263 784 3329 nobis
808 3260 955 3327 videntur
970 3262 1147 3343 momenti,

198 3390 245 3470 ut'
270 3417 405 3486 prorsus
443 3402 477 3469 in
509 3404 721 3469 Delvincurtii
756 3403 941 3501 sententiam
980 3403 1148 3468 descenda-

199 3563 300 3625 mus,
324 3560 359 3610 ut
379 3559 410 3611 et
430 3548 462 3611 in
484 3565 559 3612 casu
584 3544 754 3629 proposito
772 3545 832 3610 lilii
853 3543 986 3628 legitimi
1003 3545 1147 3626 exceptio

198 3686 413 3769 admittenda,
438 3686 533 3753 nobis
551 3690 706 3756 videatur.
737 3686 842 3752 Uxori
864 3685 963 3774 igitur
980 3686 1042 3753 soli
1058 3705 1148 3754 com·
1213 3718 1216 3725 ·

740 3831 766 3898 F
790 3848 809 3914 3
1095 3846 1151 3911 pe·
