2662 4776
237 378 279 448 34
374 352 737 435 nusseurnrro
775 348 1040 456 Junrnrcn

237 541 294 610 tiis
324 543 531 616 interdicatur
553 560 628 615 cum
656 549 768 617 marito
793 551 964 631 adulteroa
1000 553 1091 635 quod
1127 551 1183 619 aii·

148 743 151 745 ,
239 693 288 745 ttr
308 682 432 750 obtinet
457 688 492 754 in
522 689 675 755 adulterio
708 691 838 770 uxoria,-
870 690 927 756 ubi
952 691 1079 774 gravius
1111 693 1180 758 ani·

241 822 446 892 madvertitur
478 824 513 895 in
536 825 644 894 delicti
668 825 815 909 socium,
845 834 883 894 u't
912 847 975 897 auo
996 829 1071 898 loco
1093 828 1182 897 videa

238 960 359 1028 bimur.

285 1098 409 1184 Sponte
426 1105 573 1187 sequitur
591 1121 657 1171 non
678 1103 820 1170 obtinere
843 1105 1028 1187 nuptiarum
1048 1104 1191 1186 proir'ibi⁴¹

242 1238 363 1305 tionem
379 1242 461 1307 inter
477 1242 623 1308 maritum
643 1243 818 1309 adulterum
839 1259 870 1307 et
890 1243 1124 1327 concubinam,
1141 1243 1190 1310 ni·

237 1375 271 1441 ei
290 1375 366 1440 haec
381 1380 558 1460 praesentia
577 1393 636 1447 tuo
653 1381 781 1445 domum
798 1394 996 1447 communem
1014 1380 1190 1464 conjugum·

246 1507 443 1596 foedaverit,
466 1517 549 1582 unde
574 1490 668 1584 uxor
682 1517 820 1602 legitima
840 1519 965 1583 actione
980 1516 1126 1585 adulterii
1141 1516 1190 1584 in·

243 1655 381 1737 stituta,
412 1655 585 1724 divortium
607 1657 746 1739 petierit.
788 1657 887 1724 Porro
904 1672 1015 1738 uror,
1045 1673 1119 1722 cum
1135 1655 1186 1722 di·¹

241 1791 383 1859 conium
414 1809 453 1858 ex
487 1810 582 1860 cauea
615 1795 762 1860 adulterii
798 1794 1039 1877 impetraverit,
1068 1793 1186 1861 liberos

105 1916 128 1935 '
241 1932 328 2014 apud
360 1949 396 1997 ae
421 1930 554 2015 retinet,
577 1949 659 2014 quos
687 1950 726 1998 ex
747 1930 948 1998 matrimonio
976 1949 1049 1997 cum
1070 1930 1184 1997 marito

240 2072 384 2136 adultero
407 2069 541 2156 habuit,
561 2071 626 2137 nisi
651 2073 790 2140 tribunal
812 2071 970 2156 jusserit,
990 2083 1119 2154 rogante
1137 2068 1189 2136 ia·

240 2207 328 2272 milia
352 2208 404 2270 vei
427 2207 510 2288 regis
537 2222 763 2289 procuratore,
784 2222 879 2287 atque
895 2208 1039 2288 ipsorum
1070 2209 1187 2272 libero-

239 2361 310 2410 rum
324 2344 497 2409 commodo
514 2342 548 2408 id
563 2343 727 2426 exigente,
745 2357 782 2408 ut
797 2345 909 2412 marito
925 2347 975 2412 vei
994 2343 1102 2411 tertiae
1114 2363 1187 2430 per-

238 2500 337 2551 aonae
362 2481 545 2561 tradantur,
573 2496 634 2548 art.
655 2500 731 2566 302.
786 2481 873 2549 Haec
901 2497 1004 2550 tamen
1032 2501 1098 2548 non
1124 2484 1188 2550 ime
1229 2560 1231 2566 A

236 2623 393 2706 pedion,
424 2618 598 2702 quominus
628 2632 716 2702 pater
743 2637 802 2687 aut
830 2621 900 2705 jura
925 2623 1043 2706 patriae
1073 2633 1188 2705 potes·

237 2759 314 2826 tatis
339 2760 373 2825 in
391 2758 510 2825 iiberoa
529 2772 718 2841 conservet,
739 2776 821 2841 quae
845 2758 997 2826 nonnisi
1021 2774 1097 2844 poat
1113 2763 1185 2847 ejua

238 2912 373 2968 mortem
402 2898 442 2963 ad
470 2912 599 2964 uxorem
631 2910 810 2964 transeunt.
858 2893 1005 2980 Denique
1028 2900 1116 2981 quod
1143 2900 1184 2967 ad

240 3051 405 3121 personam
426 3033 560 3117 uxoris,
586 3035 672 3101 hunc
689 3031 835 3101 effectum
859 3033 955 3104 habet
977 3037 1183 3120 divortium,

240 3173 331 3258 quod
356 3175 557 3257 impetravit,
589 3173 678 3256 qood
705 3173 857 3239 nonnisi
884 3173 990 3241 decem
1017 3176 1180 3244 mensium

235 3313 352 3396 elapsis
379 3326 457 3394 post
485 3312 656 3378 divortium
688 3310 934 3394 pronunciatum
960 3312 1001 3377 ad
1039 3314 1178 3378 secunda

239 3467 316 3520 vota
341 3449 449 3534 possit
473 3449 603 3516 transire
626 3451 739 3535 (16).
789 3449 906 3518 Eadem
937 3449 1060 3517 videtum
1083 3451 1182 3532 hujus

1135 3580 1187 3651 ‘rei

270 3756 367 3834 (16)
385 3760 456 3821 Art.
474 3771 540 3833 299.
