2662 4776
211 380 254 438 ao
343 360 729 438 orssarcrumo
767 364 1032 453 Juarotcu

263 1211 1155 1341 ·SEcT10P1t1Ml·f

400 1513 460 1576 'oa
487 1527 763 1583 enumerato
794 1531 983 1582 uratur.

222 1828 428 1968 secundum
444 1893 504 1977 jus
535 1893 696 1960 Gallicum
725 1893 856 1976 proprie
885 1893 1017 1982 maritus
1057 1891 1179 1960 adulter

232 2036 439 2103 nullomodo
463 2037 612 2104 delictum
632 2036 824 2119 committit3
849 2055 916 2103 uon
941 2037 1023 2101 euim
1052 2035 1113 2099 hoc
1132 2045 1181 2096 est

219 2176 309 2261 Juris
337 2176 455 2242 Gallici
471 2179 690 2258 principium,
722 2191 760 2241 ut
781 2180 933 2256 puniatur
952 2175 1032 2242 ¹lidei
1063 2176 1178 2257 conju·

224 2315 305 2396 galis
326 2313 460 2381 violatio
487 2334 505 2380 e
530 2329 631 2398 parte⁴
648 2315 774 2391 mariti,
799 2316 854 2379 sed
880 2318 1015 2397 potius,
1040 2325 1076 2375 ut
1092 2313 1182 2377 adul·

221 2456 293 2522 terii
330 2457 434 2523 mariti
470 2471 532 2522 tam
567 2456 707 2523 difficilia
744 2459 890 2524 existeret
925 2455 1106 2541 probatio,
1144 2466 1182 2520 ut

226 2596 255 2664 ei
282 2595 386 2663 favere
413 2598 626 2682 legislatorem
645 2598 791 2665 voluisse
820 2596 886 2664 fere
902 2598 1104 2679 diceremus3
1126 2594 1183 2659 aed

224 2738 336 2805 natura
359 2753 391 2805 et
419 2757 495 2806 sana
515 2758 603 2807 meos
634 2741 714 2806 hanc
735 2740 981 2822 inculpationem
1011 2737 1183 2823 rejiciunt,

225 2899 322 2962 quam
350 2881 495 2947 moribus
523 2882 699 2949 attribuere
726 2882 825 2962 magis
856 2882 895 2945 iis
930 2881 1092 2961 placebit,
1126 2875 1183 2958 qui

225 3016 259 3082 in
282 3035 314 3081 re
333 3034 480 3084 accurate
500 3019 737 3100 inquisiverint.
786 3063 807 3100 „
829 3015 897 3083 Ubi
919 3019 1059 3104 (enim)
1082 3032 1187 3080 mores

236 3203 258 3245 „
279 3160 395 3225 desunt
416 3177 513 3226 vanae
534 3159 618 3242 leges
640 3159 853 3240 proficiente*

269 3300 419 3369 Vidimus
446 3303 566 3382 modo,
589 3320 761 3384 quousque
777 3303 838 3386 jam
861 3316 1058 3384 processerat
1082 3303 1188 3365 bono·

232 3463 301 3509 rum
325 3462 450 3512 morum
488 3458 694 3538 comtemptus
721 3446 753 3511 in
784 3444 902 3512 Gallia.
954 3444 1112 3508 Praeterea
1140 3446 1188 3507 lex

235 3586 348 3662 potius
375 3588 502 3654 videtur
535 3585 669 3657 maritali
707 3588 890 3653 auctoritati
918 3585 1054 3666 favere,
1095 3601 1189 3664 quam

234 3721 360 3803 quidem
400 3727 590 3813 adulteri03
630 3727 705 3798 huic
735 3728 817 3797 enim
848 3727 1030 3798 auctoritati
1058 3724 1193 3791 maxime

1142 3867 1199 3928 de·
1288 3881 1290 3884 ’
