2662 4776
326 396 923 474 ‘runuouunnrs
1088 425 1130 496 ῃ

181 601 256 668 cat,
281 586 348 653 sive
376 600 475 668 nupta
508 585 571 665 sit,
601 585 668 646 sive
693 581 825 685 minus:
872 579 989 646 Mater
1011 603 1133 676 sempor

185 740 277 792 corta
303 738 369 805 est,
392 726 519 789 etiamsi
544 722 639 807 uulgo
662 722 840 809 conceperit
860 723 960 809 (1),
984 725 1021 789 de
1040 740 1131 810 patre

184 881 261 929 vero
279 877 424 929 constare
441 880 506 928 non
525 874 657 944 potest,
679 859 742 928 nisi
759 861 843 941 apud
861 875 1005 928 matrem.
1049 863 1133 929 Hine

188 1015 288 1067 certae
304 1005 428 1086 regulae
450 1001 667 1067 desiderantur
685 1002 719 1066 in
739 999 889 1064 societate
914 998 1036 1081 Civili,
1050 999 1136 1081 ‘quib

188 1139 250 1204 bus
266 1140 374 1223 legalis
400 1140 592 1222 praesumtio
617 1138 831 1218 admittatur,
856 1140 943 1203 unde·
954 1153 1040 1205 certe
1057 1155 1136 1205 con·

187 1293 276 1359 stat,
305 1279 434 1360 quinam
464 1280 530 1344 sint
561 1274 667 1363 patres
696 1276 827 1341 habendi
855 1274 1049 1356 liberorum,
1080 1277 1137 1357 qui

187 1431 384 1497 nascuntur,
407 1429 443 1479 ut
472 1415 612 1499 pericula
632 1430 663 1482 et
682 1414 804 1483 abusus
826 1413 914 1479 illius
941 1412 1140 1484 incertitudi-

189 1555 242 1620 nis
269 1554 440 1620 evitentur.
485 1555 570 1620 Hinc
595 1557 680 1636 apud
699 1571 808 1619 omnes
830 1548 894 1615 fere
920 1566 1030 1634 gentes
1052 1551 1137 1635 poli·

189 1692 312 1771 tiores,
335 1693 391 1756 ubi
410 1692 458 1756 uir
478 1704 508 1756 et
526 1690 637 1756 mulier
657 1705 735 1760 sunt
755 1691 957 1759 matrimonio
979 1693 1135 1776 conjunc·

191 1829 215 1893 ti
250 1843 410 1912 receptum
443 1843 492 1896 est
527 1831 719 1914 principium
741 1830 836 1898 'illud
865 1831 954 1916 Juris
985 1827 1138 1898 Romani.

190 1972 293 2037 Potor
312 1981 380 2049 est,
401 1989 491 2054 quem
510 1974 643 2056 nuptiae
659 1967 879 2038 demonstrant
901 1972 990 2052 quod
1006 1986 1138 2051 quoque

128 2110 130 2114 ’
189 2107 224 2171 in
250 2105 326 2190 Jure
347 2106 476 2172 Gallico
501 2123 550 2173 est
581 2121 741 2189 receptum
771 2106 845 2192 (n)
876 2122 908 2174 et
932 2111 996 2193 jam
1022 2120 1138 2190 sponte

191 2247 287 2312 nobis
315 2244 513 2329 objiciuntur
535 2248 670 2330 majores
697 2248 768 2311 iliae
803 2245 1032 2331 difficultates3
1065 2262 1140 2313 cum

192 2386 275 2451 enim
302 2401 369 2450 non
396 2385 502 2466 possit
529 2403 548 2452 n
566 2387 695 2451 muliere
709 2387 895 2452 adulterium
915 2387 1073 2456 committi
1091 2385 1144 2451 ni.

194 2529 221 2594 si
243 2529 285 2593 sit
306 2543 426 2610 nupta,
450 2543 481 2592 et
501 2531 675 2597 secundum
691 2531 747 2612 jus
766 2527 930 2597 Gallicum
949 2547 1010 2600 art·
1031 2536 1073 2606 C.
1094 2533 1141 2604 C‘.

194 2689 279 2754 312,
300 2670 504 2750 liberorum,-
518 2688 600 2752 quos
623 2672 805 2752 conceperit
827 2690 929 2752 uxor,
952 2691 1055 2741 stante
1075 2689 1142 2744 mu.

193 2811 361 2892 wintonio,
383 2811 517 2878 maritus
543 2825 630 2910 pater
659 2813 832 2895 habeatur,
861 2803 923 2880 ltoc
951 2817 1143 2900 principium

195 2957 299 3020 Potor
319 2967 386 3031 cst,
408 2975 499 3042 quem
521 2963 653 3042 nuptiae
673 2952 892 3023 demonstrant
915 2960 1054 3026 incertos
1082 2983 1143 3032 nos

197 3108 303 3175 tenet,
326 3099 474 3177 quoniam
492 3098 531 3162 ud
553 3097 703 3172 absurdus
725 3098 839 3167 ducere
861 3101 1005 3168 videatur
1028 3125 1142 3172 conse·

195 3239 363 3320 quentin,
378 3258 427 3307 ·v.
451 3234 486 3324 g.
509 3240 641 3308 maritus
667 3256 756 3324 pater
782 3244 915 3312 habetur
942 3243 1144 3331 liberorum,-

197 3380 254 3462 qui
274 3383 423 3467 concepti
451 3393 529 3449 sunt
559 3401 596 3450 ex
619 3385 773 3452 adulterio
798 3390 906 3456 uxoris
942 3405 1014 3454 cum
1044 3378 1145 3454 extro·

1066 3522 1152 3624 neo,

232 3701 305 3788 (1)
326 3709 359 3770 L.
375 3722 404 3782 5.
422 3711 461 3770 D.
481 3707 518 3771 de
537 3711 625 3786 injus
640 3710 785 3776 vocando.

231 3807 309 3897 (2)
328 3815 403 3882 Arn-
416 3811 447 3876 0.·
466 3814 495 3876 C.
515 3827 581 3889 312.

729 3948 797 4036 ΚΞ
