2662 4776
324 436 327 442 .
404 371 969 458 rununuunrru·
1099 398 1142 469 ῃ

195 553 287 625 nutu
309 526 460 638 quaedam
488 557 590 622 dieere
622 557 736 640 liceat,
769 559 825 641 qui
853 560 1000 643 respectu
1026 561 1137 630 uxoris

189 693 362 760 divortium
387 709 588 777 sequuntur,
625 695 713 776 quod
740 715 822 762 uxor
848 711 959 764 contra
986 699 1135 766 maritum
1171 775 1175 783 x
1211 747 1213 751 -

191 827 427 916 impetraverit,
458 850 530 898 nem
557 850 688 914 quoque
715 832 875 915 pertinent
903 835 942 900 ad
974 834 1136 920 effeetus,

190 985 273 1049 quos
307 983 452 1052 respectu
474 970 584 1036 uxoris
607 969 699 1034 habet
725 970 912 1036 adulterium
941 971 1056 1042 matitia

232 1104 408 1174 Versantur
434 1108 467 1174 hi
499 1105 631 1173 effectus
656 1107 740 1172 ritca
773 1124 939 1189 personatu
970 1108 1082 1174 uxoris
1105 1111 1138 1175 δὲ

180 1244 266 1313 circa
292 1244 389 1312 bunna

230 1382 328 1470 Quod
353 1383 391 1448 ad
413 1398 577 1467 personam
604 1381 714 1448 uxoris
737 1381 844 1464 primo
872 1384 946 1450 loco
975 1384 1137 1451 constitu*

187 1531 255 1585 tum
278 1534 347 1603 est,
369 1522 458 1603 quud
486 1537 659 1602 numquam
678 1517 793 1586 iterum
809 1536 884 1585 eum
906 1520 1018 1587 marito
1043 1519 1135 1586 adul·

184 1670 253 1721 tero
269 1656 374 1738 possit
388 1658 483 1742 jungi
501 1658 597 1743 (14)
620 1657 840 1725 matrimonio:
861 1657 973 1724 deinde
992 1674 1057 1724 nnn
1073 1677 1132 1739 po·

183 1804 247 1860 test
273 1793 405 1860 maritus
437 1789 557 1862 adulter
584 1795 796 1863 concubinam
829 1797 942 1864 ducere
977 1813 1131 1878 uxorem,

186 1949 282 2013 quam
299 1931 411 1998 habuit
428 1932 461 2000 in
477 1933 573 1999 domo
592 1934 757 2000 communi
776 1934 897 2019 (rs);
920 1933 1019 2015 igitur
1039 1933 1134 1999 uxori

186 2067 288 2135 laesae
308 2085 374 2134 non
399 2068 453 2134 ilia
482 2069 641 2150 impendet
673 2068 814 2152 injuria,
843 2082 881 2135 nt
907 2087 942 2134 ee
971 2067 1133 2151 intuente,

185 2204 364 2271 concubina
394 2202 465 2289 iiia,
491 2223 573 2288 quae
598 2219 702 2272 torum
721 2222 815 2271 suum
833 2204 1001 2292 conjugale
1024 2204 1133 2274 foeda·

187 2341 256 2425 vit,
286 2358 322 2408 ac
356 2341 504 2425 turpiter
519 2339 648 2423 iuribus
677 2340 891 2410 sanctissimis
916 2342 1129 2426 detrectavit,

183 2497 324 2565 unquam
347 2479 381 2548 in
405 2479 511 2548 omnia
534 2497 569 2546 ea
599 2470 670 2564 jura
696 2493 855 2564 tamquam
882 2496 963 2545 uxor
990 2480 1130 2564 legitima

181 2618 354 2701 succedat;
383 2620 449 2686 imo
475 2619 509 2684 in
534 2631 692 2683 aeternum
716 2620 767 2686 les
793 2618 856 2684 hnc
882 2618 1052 2701 prohibet,
1083 2620 1129 2687 itt

183 2770 220 2821 nt
235 2773 359 2840 semper
372 2773 502 2822 uxorem
521 2756 660 2836 laesam,
676 2754 765 2835 quod
781 2753 916 2820 adhunc
936 2773 1022 2836 rem,
1039 2769 1127 2824 tuea-

180 2896 256 2976 tur,
277 2908 372 2976 atque
400 2893 498 2982 huius
527 2892 660 2976 injuriae
688 2890 863 2975 periculum
885 2888 925 2955 ab
950 2909 984 2956 ea
1008 2906 1122 2961 arceat.

184 3033 580 3113 Observandumqnoque
608 3031 670 3097 hoc
694 3033 769 3097 loco
790 3029 941 3112 videtur,
971 3032 1126 3099 concubi·

186 3189 278 3252 nam,
301 3187 392 3252 quam
410 3168 522 3235 habuit
534 3170 665 3236 maritus
680 3170 712 3234 in
729 3169 826 3238 domo
843 3170 1027 3250 communi,
1043 3171 1124 3236 hanc

145 3321 147 3325 ·
187 3310 286 3377 solam
318 3309 402 3393 luere
432 3325 564 3393 poenam
592 3307 680 3392 quod
704 3307 733 3375 ei
762 3308 796 3376 in
820 3321 1007 3392 perpetuum
1043 3325 1127 3387 nup·

1070 3441 1126 3514 tiis

213 3569 309 3664 (14)
329 3578 397 3649 Art·
414 3588 480 3666 29'3·

211 3683 306 3769 (15)
326 3695 394 3755 Art.
410 3697 488 3768 spu·

599 3829 609 3846 κ
649 3776 680 3861 n
