2662 4776
239 357 1060 473 ormwmmmflmmm

672 655 705 735 lo.
751 677 784 734 ⁹9

360 904 411 980 Dc
432 906 573 981 divortio
595 927 755 980 excausa
777 906 938 976 adulterii
959 913 1083 979 uxoris.

296 1132 417 1201 Uxoris
440 1132 626 1199 adulterium
646 1149 831 1216 causaest,
853 1153 950 1217 quare
972 1139 1103 1225 turritus
1124 1153 1206 1202 cou-

253 1285 300 1340 tra
334 1291 398 1337 etur
436 1269 610 1339 divortium
647 1286 680 1337 et
715 1275 779 1339 turi
811 1293 998 1357 mensaeque
1029 1276 1205 1360 separatio·

253 1434 323 1480 netu
350 1411 455 1495 possit
480 1425 608 1493 petere,
633 1430 713 1492 quae
731 1412 842 1494 petitio
867 1428 903 1477 ut
918 1416 989 1499 jure
1015 1415 1090 1496 fiat,
1118 1412 1202 1480 nihil

256 1556 344 1624 ulrud
361 1551 555 1635 requiritur,
577 1552 641 1618 nisi
660 1553 765 1618 delicti
782 1554 951 1638 probatio,
973 1576 1053 1638 quae
1069 1557 1103 1622 in
1118 1557 1204 1639 ejus·

255 1664 1207 1779 mfflfflmwmuffimmffimuu

256 1837 560 1921 telligitur‚-urodo
588 1837 788 1907 attendamus
821 1841 859 1906 ad
889 1841 1044 1908 vocabula
1070 1834 1204 1904 initialia

256 1980 382 2055 etticuli
402 1982 477 2063 236.
523 2019 545 2055 „
567 1973 674 2044 Toute
690 1979 841 2046 demaude
859 1998 898 2047 err
915 1981 1064 2062 divorce,
1086 1976 1206 2048 detail·

257 2175 280 2212 „
300 2131 372 2195 lora
395 2121 441 2184 les
468 2116 568 2183 faits”
588 2121 710 2197 quibus
730 2121 834 2187 verbis
860 2123 937 2192 haec
962 2125 1013 2190 vis
1040 2119 1205 2189 tribuenda

258 2288 328 2339 esse
355 2260 497 2339 viderur,
532 2272 569 2324 ut
597 2262 708 2328 turrito
733 2263 905 2336 divortium
931 2281 968 2327 ex
993 2283 1088 2330 causa
1116 2261 1207 2332 adul,

254 2411 326 2481 terii
358 2406 469 2477 uxorio
500 2402 619 2485 petenti
654 2401 810 2486 obligatio
842 2397 1034 2484 incumbam
1067 2405 1204 2488 locum,
1317 2379 1320 2383 ’

255 2571 395 2634 anuum,
426 2561 562 2618 mensem
592 2554 624 2608 et
654 2541 759 2625 diem,
796 2561 861 2624 quo
892 2539 1080 2608 adulterium
1110 2562 1203 2611 corn.

168 2745 173 2754 .
258 2697 392 2763 missum
410 2690 476 2770 tit,
501 2686 684 2770 indicandi,
706 2704 776 2751 narn
795 2686 964 2752 admodum
981 2683 1111 2751 vitiatur
1126 2705 1202 2769 pro·

252 2840 365 2919 bario,
386 2831 414 2900 si
440 2849 522 2896 uxor
536 2830 642 2915 possit
660 2828 811 2912 probare,
834 2846 867 2892 se
883 2827 947 2894 alio
971 2826 1005 2893 in
1024 2828 1103 2897 loco,
1117 2827 1204 2895 fuit·

251 3001 308 3064 se,
329 2994 437 3056 auno,
456 2990 580 3052 mense,
599 2986 655 3036 aut
675 2972 748 3053 die,
772 2989 789 3034 a
813 2970 926 3036 marito
944 2970 1095 3039 iudicato.
1134 2973 1196 3057 Jur

253 3125 434 3192 Romanum
474 3130 539 3180 uou
580 3130 618 3178 eo
652 3113 819 3193 procedere
854 3112 1007 3194 videtur,
1050 3126 1086 3177 ut
1120 3114 1199 3182 diem

258 3257 430 3352 perpetrati
458 3254 565 3322 delicti
590 3253 704 3320 marito
730 3267 841 3320 contre
871 3270 1000 3327 uxorem
1033 3275 1070 3322 ex
1104 3274 1201 3327 causa

237 3401 401 3491 ‘adulterii
431 3398 535 3483 agenti
558 3395 691 3478 probare
717 3395 916 3479 injungeret,
944 3395 1061 3462 mensis
1089 3412 1121 3463 et
1150 3398 1201 3462 lo.

255 3566 316 3616 eus
336 3545 477 3614 sufficere
494 3499 640 3607 videntur
660 3535 749 3622 (9).
802 3536 864 3611 Sed
882 3535 1059 3621 Dionysius
1072 3535 1202 3615 Gotho.

281 3677 286 3680 ⁶
1143 3676 1205 3751 fro-

285 3861 364 3948 (9)
378 3864 412 3926 L.
429 3879 458 3940 3.
476 3865 516 3928 D.
535 3862 571 3926 de
588 3864 827 3934 accusationibus·
844 3876 875 3925 et
893 3860 1138 3940 inscriptionibus·
