2662 4776
216 327 276 455 'aa
366 343 744 462 ursiuuu'ruro
782 349 1049 453 Jitururuu

229 550 317 629 lico,
339 567 401 614 una
427 566 502 614 cum
527 546 659 613 divortii
686 549 844 631 remedio,
875 569 979 632 neque
1005 552 1103 636 igitur
1121 548 1175 637 iiia

230 690 396 776 abrogatio
418 691 487 755 vim
507 706 599 767 cuam
621 688 655 754 iu
678 686 789 773 Belgio
807 692 1005 776 exercuerit,
1028 696 1062 760 iu
1079 714 1180 782 opus*

234 834 311 899 cuio
332 832 452 898 nuliam
475 832 572 917 huJ’us
595 830 640 895 rei
663 827 812 898 rationem
831 824 1012 903 habuimus.

272 974 332 1039 Uti
354 973 462 1040 uxoris
492 975 616 1054 querela
642 991 723 1040 vana
742 975 786 1041 sit
811 976 850 1040 de
869 976 1023 1043 adulterio
1050 978 1178 1063 mariti,

235 1115 302 1184 nisi
333 1114 470 1196 proiiet,
500 1130 571 1180 eum
597 1110 746 1180 habuisse
769 1113 1004 1184 iridumi'cilid.
1020 1119 1182 1185 communi

232 1256 469 1335 concubinam,
501 1253 545 1319 ita
570 1273 699 1337 quoque
722 1257 804 1323 idem
830 1272 877 1322 est
900 1258 1123 1340 probandum,
1153 1259 1183 1325 si

232 1392 369 1481 probter*
382 1395 567 1461 adulterium
585 1399 663 1461 velit
685 1398 857 1463 divortium
877 1411 995 1479 petere·
1036 1401 1119 1467 Cum
1137 1407 1185 1464 ta·

233 1552 306 1605 men
336 1538 432 1623 hujus
459 1552 519 1605 art.
538 1555 601 1621 230
623 1556 745 1604 ¹census
769 1539 931 1604 intellectu
955 1536 1000 1603 sit
1021 1539 1185 1624 difficilis,

232 1683 298 1749 nisi
326 1694 412 1747 certe
443 1693 569 1746 constet
603 1679 642 1745 de
672 1681 705 1746 vi
738 1696 770 1746 et
806 1679 1038 1764 significatione
1066 1699 1183 1748 vocum

227 1821 399 1891 concubine
418 1832 450 1885 et
470 1823 592 1886 maison
616 1841 814 1924 commune,
832 1822 974 1904 quidde
1001 1841 1036 1887 ea
1064 1793 1098 1888 re
1120 1842 1180 1889 nu·

229 1966 280 2033 bis
300 1964 464 2044 videatur,
485 1981 545 2050 pro
565 1944 689 2031 viribus'
710 1964 805 2030 liceat
827 1964 939 2045 paucis
956 1982 1128 2046 exponere.

280 2104 355 2172 Vox
376 2103 554 2171 concubino
579 2105 679 2188 igitur
696 2107 819 2173 nostris
844 2105 988 2174 muribus
1016 2116 1187 2192 usurpatur

233 2249 272 2317 de
299 2245 389 2311 omni
415 2242 544 2307 muliere
573 2242 644 2310 cive
672 2260 795 2327 nupta,
825 2246 895 2310 sive
919 2245 1074 2342 innupta,
1106 2264 1187 2328 quae

236 2403 323 2453 extra
348 2381 584 2452 matrimonium
613 2401 676 2449 rem
704 2383 799 2450 habet
820 2404 893 2451 cum
921 2385 1014 2464 viro,
1035 2385 1103 2451 sive
1132 2388 1185 2454 hic

234 2528 360 2599 coelebs
381 2528 447 2605 sit,
474 2525 544 2590 sive
562 2524 690 2606 minus;
713 2525 843 2590 verbum
868 2490 973 2592 latiori
998 2527 1059 2592 hoc
1088 2535 1186 2598 sensu

237 2670 334 2772 hodie
359 2687 429 2736 esse
455 2665 672 2748 accipiendum
699 2667 867 2750 perspicue
899 2656 1094 2735 demonstrat
1121 2684 1184 2736 art.

235 2815 277 2885 C.
308 2814 351 2882 C.
382 2831 458 2897 aga.
490 2809 547 2876 ubi
575 2808 687 2889 mulier
712 2811 764 2875 vel
784 2809 899 2892 virgo,
931 2828 1067 2891 quacum
1089 2798 1186 2875 adul-

235 2958 354 3022 terium
374 2950 610 3031 committitur,
627 2951 808 3015 concubina
824 2951 1021 3032 appellatur,
1046 2957 1184 3018 necnon

235 3110 389 3165 arrestum
406 3090 584 3178 ‚tribunalis
608 3089 782 3174 Vesuutini
803 3089 869 3175 (de
886 3058 1106 3180 Beaancon),
1129 3092 1184 3158 ubi

235 3232 388 3323 *quaestio
400 3233 570 3316 dijudicata
584 3230 647 3296 fuit
657 3279 669 3313 ,
680 3251 719 3298 an
737 3233 915 3299 concubina
933 3233 1114 3318 acquirendi
1129 3243 1187 3316 per

237 3379 440 3450 donationem
464 3375 646 3442 facultatem
672 3374 784 3439 habeat
806 3375 898 3459 (3).
984 3425 986 3430 s

284 3521 358 3588 Vox
383 3516 563 3586 concubina
589 3506 683 3584 hodie
709 3530 775 3585 nun
800 3529 865 3582 tam
891 3517 1000 3585 stricte
1030 3504 1188 3599 accipitur·

1093 3668 1186 3740 quam

277 3837 346 3922 (a)
367 3847 449 3920 Sirey
463 3864 501 3922 9,
520 3865 561 3921 2,
584 3865 629 3924 14.
656 3861 690 3921 25
704 3843 806 3907 Marcii
825 3845 905 3907 1308.Ι
