2670 4778
382 338 919 442 rmnuoounnrs
1114 392 1137 462 ς

183 552 405 639 cognovisset.
443 552 555 621 Mariti
571 555 757 622 adulterium
777 574 843 622 non
863 555 1087 640 puniebatur(
1112 551 1133 653 )

186 714 289 780 neque
313 695 446 780 potnlt3
469 713 573 763 mores
602 697 684 763 enim
712 698 903 778 obstabant3
935 697 1024 763 Pater
1044 692 1136 759 fami·

185 837 246 904 lias
264 852 329 904 erat
354 837 503 921 Princeps
531 837 564 904 in
593 839 711 921 domo,
734 853 830 921 atque
855 841 889 904 in
910 854 1063 920 uxorem,
1088 834 1136 900 uti

171 978 220 1046 ·in
248 978 368 1046 liberos
394 995 426 1045 et
457 996 566 1046 servos
591 982 771 1049 excercebat
798 983 1007 1049 domesticum
1040 979 1140 1058 impe·

186 1121 292 1202 tium,
314 1139 380 1203 quo
407 1123 499 1188 solus
524 1123 624 1186 laesae
649 1139 725 1187 suae
749 1125 925 1208 majestatis
951 1137 982 1188 et
1003 1118 1142 1186 auctori-

188 1263 263 1330 tatis
284 1262 400 1328 vindex
416 1263 595 1329 incedebat.
640 1263 883 1332 Matrimonium
909 1278 973 1330 erat
998 1259 1139 1344 legitima

188 1404 377 1490 conjunctio
399 1403 537 1471 Romani
561 1403 694 1472 coelibis
721 1425 794 1472 curn
823 1407 967 1473 Romana
991 1403 1140 1483 coelibe,

190 1563 255 1628 qur
279 1547 398 1614 liberos
425 1544 488 1612 sibi
515 1561 642 1629 quaerat
665 1545 736 1628 nir,
759 1556 843 1630 quos
863 1567 942 1615 suos
969 1546 1052 1612 dicat
1071 1543 1143 1628 jnr'o

159 1654 162 1662 Ι
189 1689 306 1771 patriae
328 1691 521 1774 potestatis,
543 1705 629 1772 qur,
654 1707 727 1755 cum
750 1687 1024 1773 uxoredignitatis
1051 1683 1145 1750 marl·

188 1831 262 1896 ralis
290 1828 385 1896 fiebat
405 1830 678 1914 communicatio,
703 1849 830 1915 quaque
854 1849 872 1896 a
894 1845 981 1914 parte
1001 1824 1143 1894 mulieris

188 1969 283 2036 fiebat
307 1972 454 2054 eorporis
481 1973 533 2037 sui
554 1972 694 2053 deditio,
716 1988 780 2053 ut,
811 1972 899 2051 quod
922 1972 962 2036 ad
987 1964 1142 2036 concubi·
1197 1993 1198 1997 =

191 2130 281 2194 tum,
309 2110 365 2176 nui
391 2109 479 2176 vivat
508 2112 642 2193 marito,
677 2128 770 2191 quem
797 2109 961 2177 dominum
989 2105 1144 2190 accepit,

185 2253 324 2320 simulac
351 2270 390 2321 ex
418 2251 520 2335 patria
550 2250 583 2317 in
608 2251 778 2319 maritalem
800 2267 991 2336 potestatem
1014 2247 1147 2317 transit·

188 2395 246 2468 rit.
274 2395 385 2462 Mores
402 2394 518 2477 igitur,
530 2393 613 2480 (qui
626 2409 689 2461 tam
709 2395 866 2480 insignem
885 2408 1073 2477 potestatem
1089 2387 1148 2453 tri.

189 2537 331 2605 buebaut
348 2537 430 2617 patri
456 2533 621 2618 familias,
651 2537 694 2602 ita
716 2544 754 2603 nt
784 2537 818 2604 in
843 2555 978 2618 omnes,
1000 2533 1059 2616 qui
1089 2531 1149 2598 do·

186 2678 326 2744 mestico
350 2678 484 2759 imperio
510 2676 646 2760 subjecti
672 2693 780 2758 erant,
810 2677 1066 2761 jurisdictionem
1093 2692 1148 2739 ex·

186 2818 361 2902 censeret)
385 2817 616 2901 impediebant,
642 2837 707 2898 quo
729 2819 837 2883 minus
857 2837 963 2899 uxor,
988 2837 1069 2902 quae
1088 2837 1148 2899 po·

188 2959 258 3024 tius
278 2973 342 3024 erat
368 2961 402 3026 in
427 2961 523 3026 domo
541 2961 643 3026 mariti
662 2960 750 3026 filiae
767 2959 902 3028 familias
924 2980 1015 3044 quam
1038 2959 1147 3028 matris

191 3099 330 3165 familias
351 3102 478 3183 instar,
501 3105 539 3168 de
563 3103 716 3179 adulterio
737 3105 863 3187 mariti,
886 3107 942 3186 qui
959 3106 1027 3192 ejus
1046 3104 1150 3169 domi·

189 3259 258 3308 mus
290 3255 375 3323 erat,
405 3246 553 3322 querendi
582 3249 634 3328 jus
669 3246 817 3328 haberet,
850 3264 944 3328 atque
973 3250 1004 3313 in
1036 3249 1149 3311 iisdem

191 3402 329 3468 qnoque
355 3384 500 3453 motibus
525 3386 605 3453 ratio
629 3403 677 3452 est
706 3390 903 3471 quaerenda,
939 3409 1036 3470 quare
1063 3403 1151 3452 tanta

1087 3529 1151 3594 lae·

232 3702 252 3790 (
261 3704 305 3788 a)
333 3709 380 3770 M.
400 3711 568 3771 Catonis
598 3713 681 3774 Orat.
700 3714 850 3774 referente
871 3715 969 3776 Gellio.
984 3713 1068 3778 Nact.
1084 3715 1152 3778 ΑΗ.

194 3813 246 3875 til.
262 3826 308 3883 40.
326 3825 388 3887 cap·
407 3827 456 3886 23.

696 3924 766 4004 Aa
