2662 4776
382 358 918 434 annnoonnnrs
1113 386 1137 456 ς

182 544 404 631 cognovisset.
443 544 555 613 Mariti
570 547 756 614 adulterium
775 566 843 615 non
862 548 1053 633 puniebatur
1070 545 1132 630 (a)

186 696 289 771 neque
312 687 445 771 potuit3
469 704 573 755 mores
601 689 684 755 enirn
711 691 902 773 obstabant;
934 691 1023 757 Pater
1043 686 1135 753 fami·

185 829 245 895 llas
263 843 328 896 erat
353 828 503 913 Princeps
530 830 563 896 in
592 831 711 914 domo,
734 846 829 914 atque
855 834 888 898 ln
908 848 1062 914 uxorem,
1087 828 1136 894 uti

170 970 219 1037 ·in
247 969 367 1037 liberos
394 985 426 1036 et
456 988 565 1038 servos
590 974 771 1041 excercebat
798 977 1007 1041 domesticum
1039 973 1140 1052 impe·

185 1112 291 1194 tium,
313 1131 380 1195 quo
406 1115 498 1179 solus
523 1115 623 1178 laesae
648 1131 724 1180 suae
748 1118 924 1201 majestatis
951 1131 982 1182 et
1002 1113 1142 1180 auctori·

187 1254 262 1321 tatis
283 1253 399 1319 vindex
415 1254 593 1321 incedebat.
639 1256 882 1325 Matrimonium
908 1271 972 1323 erat
997 1253 1138 1338 legitima

186 1395 375 1481 conjonctio
397 1395 535 1463 Romani
559 1396 693 1466 coelibis
719 1418 793 1465 cunr
821 1401 966 1466 Romana
990 1397 1139 1477 coelibe,

189 1554 253 1619 qua
277 1538 396 1606 liberos
423 1536 486 1604 sibi
513 1553 641 1620 quaerat
663 1538 735 1621 vir,
758 1550 842 1623 qnos
861 1560 940 1609 snos
967 1540 1051 1605 dicat
1070 1537 1142 1622 jnr'o

187 1682 304 1762 patriae
327 1683 520 1766 potestatis,
541 1698 627 1765 qua,
653 1700 726 1748 com
748 1699 846 1749 uxore
858 1681 1022 1766 dignitatis
1049 1677 1144 1744 mari·

186 1823 260 1888 talis
288 1820 383 1888 fiebat
403 1823 676 1905 communicatio,
701 1841 829 1908 quaque
852 1842 870 1889 a
891 1839 979 1907 parte
999 1818 1141 1888 mulieris

186 1960 281 2027 fiebat
304 1964 452 2046 eorporis
479 1965 531 2029 sui
552 1965 692 2045 deditio,
715 1981 779 2046 ut,
809 1966 898 2045 quod
921 1966 961 2030 ad
986 1959 1141 2030 concubi·

189 2121 279 2185 torn,
307 2101 478 2168 univirae
507 2104 641 2185 marito,
676 2121 769 2184 quem
796 2104 960 2170 dominum
988 2100 1142 2184 accepit,

183 2244 321 2311 simulac
349 2261 388 2312 ex
417 2242 518 2325 patria
548 2242 581 2309 in
607 2243 777 2311 maritalem
798 2260 989 2329 potestatem
1012 2242 1145 2311 transie·

185 2386 244 2458 rit.
271 2386 382 2453 Mores
400 2384 516 2468 igitur,
528 2388 547 2472 (
555 2385 611 2467 qui
624 2354 687 2453 tam
707 2388 864 2473 insignem
883 2403 1071 2471 potestatem
1087 2382 1146 2448 tri.

186 2528 329 2596 bnebant
345 2527 428 2610 patri
454 2524 619 2611 familias,
649 2528 693 2594 ita
713 2540 753 2595 ut
782 2529 816 2597 in
841 2548 976 2613 omnes,
998 2527 1057 2611 qui
1087 2526 1147 2593 do·

182 2670 323 2736 mestieo
348 2670 482 2751 imperio
508 2669 644 2753 subjecti
670 2684 778 2752 erant,
808 2671 1064 2754 jurisdictionem
1091 2687 1146 2734 ex·

183 2811 359 2895 ³cerceret)
383 2810 614 2894 impediebant,
639 2830 705 2892 quo
727 2814 834 2878 minus
855 2832 961 2894 uxor,
986 2832 1067 2896 qnae
1086 2832 1145 2894 po·

185 2952 255 3017 tius
275 2965 340 3017 etat
366 2953 399 3018 in
424 2954 521 3019 domn
539 2955 641 3019 mariti
663 2954 748 3020 filiae
765 2953 900 3022 familias
921 2975 1013 3039 quam
1036 2954 1145 3023 matris

188 3092 327 3159 familias
348 3095 475 3176 instar,
498 3098 536 3161 de
561 3096 714 3172 adulterio
734 3099 861 3181 mariti,
884 3102 940 3180 qui
956 3102 1025 3184 ejus
1044 3100 1147 3164 domi·

185 3253 254 3301 nus
282 3250 371 3318 erat,
400 3239 550 3317 querendi
580 3241 632 3322 jus
667 3240 815 3322 haberet,
847 3259 942 3322 atque
970 3244 1002 3307 in
1034 3243 1146 3304 iisdem

186 3392 324 3462 qnoque
350 3379 497 3447 motibus
522 3380 602 3447 ratio
627 3396 674 3447 est
703 3384 900 3465 quaerenda,
936 3403 1034 3464 qnare
1060 3397 1149 3450 tanta

1085 3525 1149 3591 lae·

227 3697 301 3784 (a)
329 3703 376 3766 M.
397 3706 565 3766 Catonis
595 3708 678 3769 Orat.
697 3709 847 3769 referente
868 3711 967 3772 Gellio.
981 3709 1066 3774 Noct.
1081 3712 1150 3775 Art.

190 3807 242 3868 lib'.
257 3820 303 3877 40.
322 3819 385 3881 cap·
404 3821 453 3880 23·

193 3911 196 3919 .
693 3918 721 3979 Α
745 3934 763 3999 ³
