2662 4776
355 358 907 443 ruuuouuuurs,
1058 381 1095 448 p

151 566 187 613 se
217 517 343 625 uxorem
372 544 525 625 recepisse
553 543 586 609 iu
610 543 738 610 domum
765 561 989 626 communem,
1017 562 1093 612 cum

152 683 309 767 separatio
334 679 421 749 facto
448 679 587 760 existat,
620 693 697 747 tunc
726 679 806 744 enim
834 700 910 747 vanu
935 679 1018 748 foret
1042 682 1093 749 lex

153 822 186 887 in
209 839 269 902 co,
301 820 389 901 quod
413 834 472 887 art.
495 837 555 898 214
582 818 774 898 constituit,
805 833 836 884 et
862 832 898 885 ut
920 819 1094 905 illudetur,

80 979 81 982 ¹
150 958 313 1024 facillima.
361 957 459 1044 Quod
484 955 513 1021 si
536 954 636 1038 igitur
662 972 770 1019 verum
800 954 867 1037 sit,
900 975 967 1024 uon
995 958 1096 1025 incer·

150 1095 344 1162 tumsnobis
364 1094 533 1187 ¹videtur,
566 1091 644 1173 quid
671 1092 704 1157 in
737 1095 904 1174 proposita
937 1093 1098 1177 quaestio·

151 1252 191 1300 ne
219 1252 278 1316 pro
302 1228 466 1297 domicilio
501 1231 663 1296 communi
688 1230 732 1295 sit
761 1229 965 1313 habendum,
996 1250 1100 1314 neque

156 1369 359 1448 dubitamus,
381 1385 447 1433 enm
473 1383 590 1450 partem
616 1367 764 1446 aedium,
797 1385 892 1448 quum
919 1386 980 1452 pro
1000 1372 1096 1459 mori.

151 1508 211 1573 bus
237 1506 372 1573 Gallicis
399 1507 530 1571 maritus
555 1523 629 1569 cum
658 1522 784 1585 uxore,
820 1522 983 1590 occupat,
1021 1526 1099 1573 nos·

157 1645 215 1710 tris
243 1642 376 1726 belgicis
409 1643 558 1708 domibus
588 1655 658 1706 esse
679 1623 979 1727 ,aequiparandam
1016 1663 1097 1730 quae

153 1781 291 1864 quisque
315 1780 520 1862 plerumque,
549 1798 607 1860 pro
629 1791 739 1843 nostra
764 1778 925 1845 habitandi
953 1783 1095 1872 ratione,

61 1935 72 1947 ”
154 1937 248 1984 unam
276 1917 440 1983 continent
463 1914 626 1982 familiam.
670 1915 808 1981 Actione
834 1916 998 2002 adulterii,
1021 1943 1099 1991 con.

156 2071 204 2120 tra
228 2051 374 2118 meritum
403 2051 575 2132 institute,
606 2052 662 2115 lite
685 2052 860 2132 pendente,
894 2069 975 2118 uxor
999 2059 1100 2127 dorni.

152 2193 263 2259 cilium
295 2188 397 2255 mariti
427 2201 535 2271 potest
571 2188 764 2271 relinquere,
804 2202 899 2269 etque
931 2194 1098 2268 tribunalis

160 2331 243 2410 erit,
278 2325 436 2408 statuere,
471 2325 536 2413 ubi·
554 2323 749 2392 domicilium
781 2325 890 2391 uxoris
914 2327 958 2392 sit
982 2333 1099 2403 haben.

153 2471 248 2550 dum,
270 2465 362 2531 etiam
391 2477 498 2546 potest
523 2477 628 2543 petere
653 2479 776 2528 uxorn
805 2462 940 2547 marito,
973 2485 1010 2534 ut
1035 2474 1098 2541 sibi

154 2605 307 2688 pecuniae
332 2619 486 2667 summam
518 2602 707 2679 tradetque
737 2600 882 2666 alimenta
909 2600 973 2669 sibi
1001 2625 1097 2690 quae.

144 2712 225 2821 rut,
255 2740 347 2825 cujus
363 2787 368 2793 .
382 2737 558 2810 restinctio
587 2755 717 2817 quoque
742 2756 760 2800 u
781 2737 945 2830 tribunali,
964 2760 1024 2822 pro
1050 2747 1098 2813 in.

127 2878 328 2973 'cultoribus
362 2875 468 2942 mariti
491 2886 540 2940 est
572 2874 774 2955 decernenda.
824 2874 981 2944 Praeterea
1016 2901 1099 2951 uxor

127 2978 254 3092 Jonas,
272 3012 305 3077 in
320 3014 414 3099 domo
436 3011 593 3092 iudicata,
616 3012 805 3095 praesentiae
819 3011 1035 3103 probationem
1050 3023 1100 3090 fa·

85 3218 87 3222 ,
156 3169 227 3217 cere
254 3149 367 3233 debet,
390 3149 515 3245 quoties
533 3151 608 3216 haec
625 3163 772 3231 petatur,
795 3167 875 3232 quae
898 3156 1045 3235 probatio
1069 3160 1100 3225 si
1185 3115 1187 3119 Α

125 3376 129 3385 ι
155 3289 259 3369 desit,
283 3285 415 3351 maritus
445 3288 562 3378 poterit
591 3303 734 3367 recusare
757 3290 912 3381 pecuniae
928 3254 1095 3383 'summum

157 3425 409 3511 praescriptam,
430 3424 670 3521 utqueefficere
698 3425 840 3507 poterit,
874 3439 910 3491 ut
935 3428 1027 3492 uxori
1047 3449 1101 3521 sc·

143 3562 488 3641 *tioueinterdicntun
540 3557 568 3627 E
605 3561 765 3627 contrario
807 3579 919 3640 uxor,
960 3562 990 3626 si
1018 3567 1101 3635 adsit

157 3699 341 3770 communio
360 3698 542 3783 bonorum,
568 3714 677 3783 potest
694 3697 870 3780 requirere,
888 3714 928 3764 ne
953 3669 1018 3783 juri
1039 3725 1103 3776 suo

1051 3847 1108 3913 dc·
