2662 4776
251 368 272 439 s
377 359 1024 451 nussuuuuuroJuu1u1ca

246 546 350 619 Patria
366 547 487 615 meritis
511 546 543 613 in
567 544 695 613 erilium
723 545 787 612 fuit
807 547 925 630 missa,
946 546 1127 616 domestico
1149 545 1202 619 illl

247 692 383 776 imperio
402 693 584 774 derogatum
608 701 659 754 cst
682 689 749 773 lege
763 687 872 778 Julia,
896 702 992 771 atque
1011 688 1197 760 adulterium

245 834 405 922 pertinere
431 830 539 914 coepit
563 830 604 896 ad
634 831 764 913 publica
795 830 928 918 judicia.
977 831 1084 915 Hujus
1118 831 1199 917 legis

247 991 360 1045 auctor
387 973 451 1041 fuit
478 974 651 1056 Augustus
666 958 761 1059 '(6).
783 956 785 961 ’
810 972 998 1041 Discordiae
1025 974 1137 1040 civiles
1166 987 1200 1041 et

247 1133 375 1186 morum
395 1116 573 1199 depravitas
597 1115 660 1197 jam
680 1116 846 1199 incoepta,
873 1115 980 1183 omnia
996 1115 1200 1200 perturbare-

246 1275 346 1340 runt,
371 1271 403 1324 et
425 1254 604 1339 respublica
626 1273 730 1322 mores
751 1258 906 1342 majorum
926 1258 1092 1344 dedignata
1108 1271 1141 1324 et
1157 1258 1203 1323 le·

248 1400 345 1485 gibus
371 1398 497 1477 soluta,
518 1395 552 1461 in
576 1412 616 1462 co
642 1394 728 1479 fuit,
761 1411 799 1463 ut
829 1399 863 1466 in
889 1401 1059 1484 perniciem
1083 1412 1201 1467 rueret.

248 1544 419 1628 Augustus
444 1538 529 1606 malo
553 1539 721 1606 remedium
747 1539 855 1608 afferre
876 1559 1013 1611 conatus
1041 1555 1115 1623 cst,
1144 1541 1201 1609 ssd

248 1708 324 1759 ecce
341 1691 405 1774 jam
430 1706 560 1769 mores,
576 1685 786 1771 Legislatoris
810 1690 895 1758 votis
915 1708 946 1758 et
961 1689 1124 1760 desideriis
1142 1691 1203 1757 ob·

167 1912 169 1916 y
247 1824 398 1900 stabant,
442 1827 665 1896 Domesticum
694 1830 888 1912 imperium,
927 1835 1024 1919 cujus
1054 1831 1202 1899 firmissi-

249 1991 339 2042 mum
369 1971 560 2056 praesidium
582 1968 645 2036 fuit
669 1985 793 2036 norum
816 1972 1003 2058 integritas,
1024 1991 1141 2040 vanum
1166 1988 1200 2041 ct

246 2115 394 2182 nfirmum
414 2128 510 2194 erat,
536 2115 624 2195 quod
645 2114 685 2179 ad
704 2114 856 2183 adulteria
874 2117 1068 2199 coercenda,
1090 2116 1204 2184 sinot-

248 2270 431 2323 aemorum
459 2253 638 2335 depravitas
659 2253 933 2321 sanctissimorum
953 2260 1128 2344 conjugum
1148 2261 1203 2345 ju·

252 2394 336 2464 rium
367 2396 537 2463 laesionem
581 2395 734 2470 tolerabat
770 2412 802 2462 et
831 2399 958 2479 quidem
990 2401 1020 2467 ei
1052 2401 1201 2489 forebant

252 2551 351 2619 atque
376 2535 526 2621 legitimis
549 2536 673 2618 nuptiis
703 2539 836 2604 maxime
866 2540 1097 2629 derogabatur,
1124 2564 1202 2614 cum

254 2679 351 2745 luxus
377 2692 409 2744 et
436 2692 573 2761 questus
595 2692 829 2762 matronarum,
847 2684 1078 2756 concubinatui
1094 2705 1203 2755 ansam

252 2782 406 2890 dedisset.
447 2822 618 2903 Augustus
651 2821 775 2905 igitur,
805 2825 948 2892 moribus
975 2847 1042 2897 non
1064 2829 1203 2914 amplius

253 2979 328 3039 cum
350 2961 541 3043 crediderit,
562 2961 708 3029 adulterii
728 2967 885 3051 judicium
905 2986 923 3033 a
944 2969 1121 3039 domestico
1143 2972 1205 3038 lm·

256 3103 348 3188 perio
372 3102 506 3170 secrevit
528 3116 625 3184 atque
648 3105 688 3172 ad
707 3107 837 3190 publica
860 3108 981 3194 judicia
1006 3112 1115 3180 referri
1137 3116 1206 3201 jus·

235 3245 317 3314 sit.
362 3242 457 3311 Tulit
486 3243 583 3327 legem
602 3245 720 3329 Juliam
746 3252 783 3316 de
812 3252 975 3320 adulteriis
999 3256 1205 3340 coercendis,

259 3405 324 3470 qua
347 3387 385 3465 ud
411 3385 642 3452 accusationem
671 3391 798 3461 admisit
818 3396 923 3462 solum
953 3397 1124 3482 maritum,
1146 3418 1207 3483 pa·

264 3545 370 3608 trem,
394 3524 544 3607 fratrem,
564 3544 710 3610 patruum
734 3551 765 3601 ct
791 3540 984 3605 avunculum
1006 3540 1108 3627 (7),
1139 3558 1206 3608 non

1160 3695 1209 3755 id'

293 3809 370 3891 (d)
399 3813 434 3870 L.
453 3825 479 3874 r.
497 3815 541 3874 D.
556 3812 586 3876 Ιι.
604 3827 629 3881 t.
661 3819 908 3902 Suetium.
934 3839 1057 3905 cap.34.

292 3911 888 3998 (whmiastumcua
