2662 4776
316 384 916 466 ‘¹1NAUGURALIS.
1081 396 1127 479 63

171 574 272 643 tentia
287 573 525 657 comprobarit
540 575 796 660 legislatoribus,
818 579 876 662 qui
895 576 1048 648 codicem
1063 576 1126 647 Ci-

78 789 80 795 ,
168 720 263 788 vilem
281 714 514 800 coniecerunt,
531 737 605 786 nam
621 718 651 786 si
664 717 865 799 conferamus
880 738 956 805 pag.
969 719 1032 788 216
1048 737 1126 803 ope·

169 859 215 927 ris
224 857 568 930 deMalevilieVoi.1·'
579 834 780 945 videbimus,
794 860 836 927 ab
848 861 941 929 initio
950 861 1126 930 divortium

169 1002 301 1086 petendi
322 1001 506 1070 facultatem
530 1020 568 1069 ex
595 1021 693 1070 causa
717 1003 863 1072 adulterii
896 1002 1029 1086 uxoris,
1058 1020 1126 1072 non

167 1144 297 1224 adesse,
318 1144 383 1211 nisi
406 1124 679 1228 publicantium
698 1144 838 1214 laesione
853 1145 1041 1213 comitatum
1058 1143 1128 1224 sit,

167 1299 224 1350 ant
251 1283 316 1351 nisi
333 1285 372 1352 fit
393 1287 564 1370 probatum
592 1305 631 1354 ex
654 1287 773 1354 litteris
799 1288 839 1354 ab
866 1304 965 1356 uxore
989 1284 1128 1352 adultera

167 1426 385 1512 conscriptis3
406 1430 484 1497 haec
501 1446 577 1497 vero
591 1429 753 1496 restrictio
767 1429 882 1497 deinie
895 1428 932 1496 in
947 1425 1127 1497 redactionc

167 1567 294 1633 articuli
309 1586 371 1655 229
389 1569 453 1636 fnit
469 1572 611 1653 omissa,
629 1569 818 1637 observante
833 1569 905 1637 viro
922 1568 1121 1653 amplissima

169 1709 211 1774 de
234 1706 421 1791 Tronchet,
449 1708 616 1794 judicibus
640 1709 822 1776 facultatem
848 1729 919 1778 esse
944 1714 1128 1793 relinquen·

169 1855 266 1938 dam,
292 1871 395 1921 rerum
427 1853 644 1919 conditionem
669 1864 702 1920 et
727 1864 847 1920 statum
869 1854 1065 1923 examinandi
1091 1866 1125 1921 et

171 1993 436 2081 parponderandi.
479 1995 637 2062 Praeterea
653 1994 696 2058 ita
707 2046 708 2057 ,
721 2000 852 2078 quoque
864 1996 1040 2082 judicatum
1059 1993 1124 2065 fuit

170 2137 350 2206 atribnnali
362 2134 481 2218 primae
498 2133 665 2200 instantiae
679 2132 915 2218 Burdigalensis
934 2134 1123 2222 (Bordcao)

171 2298 256 2347 anno
285 2278 368 2348 1816
390 2291 421 2346 ct
448 2295 467 2343 a
496 2274 583 2342 coria
608 2275 831 2358 appellationis
861 2277 1003 2362 ejusden
1031 2277 1122 2346 urbia

168 2436 256 2490 anno
285 2425 364 2505 1807
395 2415 492 2505 (1'0)
520 2418 614 2502 cuius
645 2418 818 2484 sententiae
848 2421 1011 2504 rationes,
1047 2437 1129 2509 quac

66 2560 71 2569 ’
171 2581 303 2645 qnoque
325 2562 367 2629 ad
383 2561 459 2629 alias
483 2577 596 2628 causas
621 2559 752 2625 divortii
773 2579 928 2629 excausa
954 2563 1123 2646 adulterii,
1183 2580 1186 2586 ·

170 2707 327 2788 pertinere
353 2717 516 2786 possunt,
537 2699 633 2768 nobis
657 2700 750 2765 liceat
773 2702 884 2782 paneis
907 2721 1080 2790 exponere.

171 2895 175 2898 -
212 2847 354 2912 Primum
377 2843 494 2928 igitur,
525 2860 591 2926 quo
620 2843 718 2926 hujus
741 2839 846 2907 curiae
873 2847 1029 2914 sententia
1050 2847 1127 2914 niti·

173 2997 228 3055 cnr
245 2981 612 3066 fundamentnminit,
633 2985 789 3052 codicem
808 2984 946 3055 Civilem
968 2987 1072 3074 tacere
1086 2990 1127 3058 de

168 3140 289 3194 natura
310 3127 534 3210 probationum
558 3126 592 3192 in
616 3144 713 3193 cansa
732 3127 901 3212 adulterii,
932 3131 1016 3199 unde
1038 3145 1126 3214 peta·

166 3284 228 3336 tur
243 3269 437 3354 divortium
459 3269 681 3338 recurrendum
700 3268 799 3352 igitur
820 3287 892 3337 esse
915 3271 956 3338 ad
977 3273 1129 3355 antiquas
1218 3253 1221 3256 ¹

104 3435 106 3441 ’
170 3411 445 3498 Jotisprudentiae
461 3410 629 3497 principia.
665 3409 726 3496 Jus
759 3411 941 3477 Romanum
967 3413 1066 3495 igitur
1090 3417 1126 3482 in

124 3553 135 3568 ‘
165 3556 214 3622 -iis
237 3554 388 3636 casibus,
423 3552 543 3636 quibas
569 3553 713 3636 patribus
739 3567 771 3620 et
795 3554 919 3622 maritis
946 3554 1126 3640 permittit,

1096 3717 1133 3770 a·

212 3876 298 3955 (ιο)
317 3881 403 3956 Sitey
422 3892 453 3956 7.
471 3895 500 3939 s.
520 3881 584 3956 163.
