2662 4776
353 410 910 503 'lununuunuls
1073 418 1115 517 ῃ

172 589 377 692 comperite
396 609 559 678 bonorum
586 605 757 675 fructubus
786 607 913 689 mariti,
939 595 1035 673 unde
1053 607 1112 685 rii,

174 748 278 814 menta
300 747 363 814 sibi
384 761 469 832 petat
486 765 566 814 uxor
577 764 600 828 3·
613 763 680 815 non
698 761 802 811 tamen
818 745 893 810 haec
912 762 1039 812 summa
1053 763 1114 828 po·

172 897 235 951 test
256 885 401 953 excedere
421 885 543 954 tertiam
566 898 687 970 partem
708 885 839 951 illorum
863 881 1026 948 fruetuum
1055 897 1117 956 art.

173 1043 249 1107 301.
292 1021 367 1117 Hoe
391 1038 496 1092 tamen
525 1041 591 1091 non
614 1022 709 1088 htbet
727 1022 856 1103 locum,
877 1022 907 1088 si
925 1022 1113 1102 commoda,

173 1162 262 1242 quae
285 1178 367 1229 uxor
393 1144 623 1244 eonservavit,
654 1159 760 1244 ipsius
788 1159 1012 1227 subsistentiae
1034 1160 1121 1227 suffi·
1185 1149 1189 1155 ’

170 1300 278 1381 ciant,
294 1301 345 1366 vel
362 1299 392 1368 si
408 1299 582 1385 indigentie
599 1318 667 1368 non
681 1317 699 1367 e
712 1298 815 1366 mariti
832 1298 947 1366 delicto
963 1296 1117 1382 originem
1175 1337 1179 1342 -

170 1437 260 1504 ducit
279 1437 386 1524 (18).
656 1435 658 1437 ’

206 1575 279 1661 Jam
302 1576 461 1662 expositis
481 1575 547 1658 iis,
575 1593 656 1658 quae
687 1587 765 1642 sunt
790 1562 924 1642 divortii
953 1593 992 1642 ex
1022 1592 1118 1641 causa

67 1810 70 1816 Ι
170 1716 315 1783 adulterii
343 1715 448 1782 mtriti
472 1727 619 1797 respectu
643 1713 1043 1795 uxoris-consecutiones,
1072 1731 1120 1779 re·

170 1867 234 1922 stat
254 1853 528 1938 ut'inquitamus,
549 1869 590 1918 an
611 1850 820 1934 separationis
836 1851 901 1917 tori
919 1840 952 1916 et
970 1868 1115 1933 mensae,

134 2060 136 2065 ,
171 1995 320 2078 (quam,
342 1991 392 2090 uti
412 1991 574 2072 vidimus,
596 2005 728 2071 qnoque
746 2005 844 2070 posse
870 1987 938 2071 peti
959 1991 998 2054 ab
1019 2007 1117 2056 uxore

169 2141 280 2195 eontra
301 2127 478 2210 maritum)
499 2125 592 2218 iidem
608 2130 691 2192 'sunt
713 2143 750 2194 te
772 2124 891 2192 divorti
908 2122 1051 2197 effectus.

211 2267 264 2334 Ex
278 2264 389 2332 iisdem
406 2262 512 2330 causis
536 2276 646 2347 potest
667 2244 915 2346 peti'separatio
934 2266 1110 2347 exquibus

169 2404 343 2473 divortium
360 2413 421 2469 art.
435 2400 510 2484 306,
531 2399 641 2467 Potest
655 2400 754 2485 igitur
770 2417 853 2467 uxor
868 2418 999 2486 quoque
1014 2418 1119 2487 petere
1217 2378 1229 2401 ⁶

171 2542 399 2624 separationem
416 2556 454 2607 ea
466 2555 564 2606 eausa
574 2537 719 2605 adulterii
736 2538 863 2621 matit13
878 2539 942 2625 jam
959 2559 1053 2609 eaest
1067 2543 1119 2614 in·

168 2693 216 2746 ter
239 2677 409 2747 divortium
428 2689 460 2742 et
469 2677 694 2760 separationem
711 2654 886 2743 differentia
897 2671 1018 2761 ,quod‘
1029 2701 1121 2766 sept·

168 2816 248 2884 ratio
274 2815 467 2882 matrimonii
495 2814 661 2881 vinculum
686 2833 752 2881 non
769 2830 921 2896 rumpat,
942 2819 1116 2888 divortium

167 2968 315 3037 rumpat,
329 2970 362 3020 at
380 2954 507 3037 quidem
521 2952 640 3020 dieitur
656 2964 717 3020 art.
726 2958 813 3039 30⁶,
829 2972 930 3038 posse
948 2954 1014 3039 peti
1028 2974 1118 3044 sept.

170 3094 320 3161 rationem
338 3112 374 3160 ex
389 3093 498 3159 iisdem
517 3091 699 3176 causis,ex
715 3092 835 3174 quibus
853 3093 1024 3163 divortium
1035 3146 1048 3181 ,
1059 3100 1117 3165 sed
1177 3072 1179 3077 ¹

169 3219 237 3298 non
260 3230 380 3297 ¹dieitur
403 3231 437 3298 in
460 3231 563 3314 capite
580 3231 618 3296 de
634 3231 852 3314 separatione,
873 3233 1002 3300 eosdem
1023 3236 1120 3303 hobe-

166 3388 200 3436 re
216 3370 303 3437 hane
315 3387 351 3436 ao
367 3366 539 3437 divortium
558 3367 713 3451 effeetus,
733 3387 838 3454 neque
864 3372 899 3440 in
922 3371 1033 3439 multis
1049 3361 1122 3456 ¹po-

458 3493 461 3497 ’
903 3500 905 3504 ⁴
1061 3504 1125 3584 tert
1188 3594 1193 3603 Β

202 3719 298 3808 (ii)
317 3730 387 3796 Art.
402 3745 467 3806 2e9.
488 3729 569 3805 sirei
584 3747 613 3805 9·
634 3748 664 3804 P·
681 3745 748 3800 402·
859 3810 861 3814 y

640 3856 669 3922 E
694 3874 713 3940 s
