2662 4776
204 438 245 522 36
336 433 1023 524 orssnururroruurotcu

203 634 279 703 cmg
303 620 341 685 ab
364 640 402 687 eo
429 622 503 687 iude
528 621 579 687 die
601 621 683 687 nihil
713 623 848 706 amplius
873 636 981 707 potest
1012 618 1145 690 maritae

197 757 265 843 juri
286 761 396 823 uxoris
414 758 559 841 derogare
580 761 598 844 (
632 761 689 846 7).

208 894 212 903 '
238 896 398 965 Praeterea
423 896 485 962 hoc
514 896 673 980 singulare
697 898 841 964 eontinet
861 912 922 967 art.
945 916 1030 982 300,
1054 899 1144 982 quod

197 1050 281 1113 uxor
303 1034 410 1101 omnia
434 1051 469 1100 ea
494 1036 681 1116 commoda,
702 1049 891 1116 conservet,
912 1037 1034 1104 etiamsi
1059 1038 1142 1105 reci«

192 1192 292 1258 proca
318 1171 471 1253 stipulata
494 1171 582 1253 sint,
612 1189 715 1253 neque
738 1190 756 1239 a
781 1188 871 1255 purte
894 1175 1036 1243 mulieris
1056 1175 1145 1243 exlti·

191 1313 258 1379 bita
284 1308 375 1390 sint,
397 1309 484 1389 quod
505 1321 554 1373 ert
571 1323 683 1375 contra
711 1309 870 1392 principia
893 1315 1141 1397 conventionisa

93 1452 100 1462 '
192 1448 228 1514 iu
247 1460 413 1514 contractu
436 1444 519 1509 enim
545 1443 697 1510 bilatarali
719 1463 804 1511 unus
823 1447 1076 1515 contrahentium
1105 1469 1145 1516 so

190 1585 298 1671 iprum
316 1601 384 1650 non
404 1581 548 1666 obligat,
568 1580 632 1647 nisi
648 1583 835 1648 conditione
850 1599 885 1648 ea
906 1585 1039 1653 alterum
1062 1606 1144 1670 quo·

191 1734 253 1806 que
276 1721 398 1786 eaedem
426 1719 616 1803 obligationi
641 1736 713 1785 esse
737 1719 940 1791 adstrictum.
989 1721 1060 1791 Lex
1087 1743 1142 1792 ve·

189 1852 228 1939 r'o
251 1857 407 1944 conjugi,
437 1824 548 1922 contra
576 1874 670 1938 quem
704 1857 877 1925 divortium
906 1874 956 1927 eat
980 1862 1138 1944 petitum,

191 1986 352 2082 tamquam
385 2012 424 2063 ex
455 2011 552 2062 causa
583 1993 848 2081 ingratitudinis,
878 2001 984 2064 omnia
1014 1997 1142 2089 ausertg

189 2135 320 2225 quaein
348 2137 416 2233 ejus
435 2135 576 2202 favorem
602 2135 681 2199 alter
708 2133 830 2218 conjux
852 2135 1044 2219 constituit,
1073 2137 1144 2205 sire

190 2271 343 2354 stipulata
362 2268 428 2333 sint
446 2281 613 2333 contractu
630 2268 874 2348 matrimoniali,
896 2265 965 2334 sive
980 2286 1057 2352 post
1075 2291 1144 2339 ma·.

190 2406 375 2491 trimonium
399 2417 623 2483 contractum
647 2403 722 2467 haec
748 2403 914 2488 perspicue
937 2404 1054 2472 docent
1074 2425 1140 2482 art.

125 2600 130 2609 ,
188 2552 253 2637 §99
273 2559 305 2611 et
326 2560 400 2629 300.
422 2557 492 2608 narn
519 2538 573 2605 ille
595 2538 708 2605 marito
734 2509 876 2607 adulterii
903 2542 1133 2626 condemnato,

186 2682 294 2756 omnia
314 2679 482 2749 commoda
500 2678 566 2764 ipsi
583 2677 621 2745 ab
644 2695 740 2744 uxore
759 2678 913 2762 stipulata
931 2679 1059 2766 aufert;
1081 2682 1136 2750 hio

185 2822 263 2891 vero
279 2841 314 2892 ea
331 2786 424 2889 uxori
447 2817 612 2886 innocenti
627 2829 805 2883 conservat.

213 2956 375 3037 'Denique
398 2957 449 3023 lex
477 2971 587 3018 nasum
615 2951 788 3034 praeridit,
818 2951 874 3018 ubi
894 2973 975 3022 uxor
1010 2974 1049 3024 ex
1073 2938 1137 3024 m'as

180 3093 236 3162 riti
257 3091 373 3159 delicto
397 3089 586 3172 indigentiae
605 3088 688 3156 foret
712 3091 874 3175 obnoxia,
899 3096 988 3176 quod
1016 3113 1056 3162 ne
1079 3094 1134 3162 fio

179 3244 248 3316 ret,
266 3227 481 3309 constitutum
495 3210 579 3311 est,
601 3242 639 3294 ut
659 3228 826 3305 tribunalis
855 3229 900 3298 sit
927 3234 1133 3301 determinare

181 3369 321 3453 aliquam
352 3365 505 3448 pecuniae
534 3383 717 3450 summam,
754 3386 833 3460 quae
861 3370 1033 3454 quotannis
1066 3372 1133 3455 ipsi

1043 3528 1131 3588 conr.-

215 3710 308 3800 (17)
328 3713 906 3797 eone.Tourr'iertom.11.pag.os.
927 3719 1131 3793 Proudhom

180 3838 246 3891 rum.
268 3825 294 3890 1.
315 3840 386 3901 pag.
404 3839 459 3915 3¹9
485 3841 569 3900 seqq.
