2662 4776
385 376 917 452 INAUGURALIS.
1089 395 1128 452 21

184 571 414 652 derogaretur,¹
433 565 467 657 si·
486 582 545 648 pro
564 563 670 629 lubitu
695 563 785 643 uxori
817 562 945 642 liceret,
975 561 1131 630 actionem

185 709 327 776 adulterii
347 719 458 773 contra
476 705 622 770 maritum
639 701 815 769 instituere.
859 706 936 770 Non
952 703 1049 786 igitur
1067 720 1133 766 rna·

186 851 240 916 riti
263 849 451 916 adulterium
470 848 545 932 Jure
566 845 695 912 Gallico
715 845 796 909 inter
814 844 926 910 delicta
952 856 1131 909 recensetur

156 1012 159 1021 ·
187 993 251 1058 nisi
274 989 487 1057 concubinam
511 987 655 1054 habuerit
678 987 711 1053 in
735 988 832 1053 domo
851 989 1014 1052 communi
1035 984 1135 1069 (1),

192 1130 332 1215 quodsi
361 1131 467 1196 locum
501 1128 645 1194 habuerit
656 1156 673 1210 'i
704 1127 762 1195 uni
790 1127 881 1192 uxori
903 1129 957 1210 J'us
984 1121 1141 1208 competit

186 1293 262 1340 eum
276 1272 464 1340 accusandi.-
493 1270 751 1357 ,Quodeitanta
772 1268 919 1357 affecerit
933 1285 1063 1343 uxorem
1091 1268 1141 1366 in·

182 1415 288 1501 juria,
317 1426 351 1476 ut
378 1415 438 1479 sub
459 1415 564 1481 oculis
578 1425 615 1478 et
639 1415 782 1479 intuente
807 1410 879 1493 ipsa
902 1430 1024 1500 uxore,
1045 1426 1138 1476 sanc·

185 1557 307 1621 tissima
333 1556 402 1639 ejus
435 1555 508 1638 jura
533 1556 634 1623 laedet
652 1600 678 1635 ‚·
695 1554 854 1622 foedando
882 1554 1000 1652 ipsum!
1023 1553 1140 1638 lectum

185 1696 375 1782 conjugale,
399 1714 466 1763 non
484 1698 622 1778 amplius
650 1697 775 1762 videtur
796 1697 984 1763 auctoritate
1009 1693 1073 1777 ipsi
1099 1695 1142 1777 ie-

172 1831 225 1923 'ge
248 1856 401 1909 concessa
426 1839 541 1923 dignus
562 1818 717 1922 mari'tus3
741 1839 833 1904 uxori
865 1839 1078 1920 permittitur,
1105 1848 1142 1899 ut

146 1981 337 2059 “adversus
363 1997 435 2043 eum
464 1984 618 2045 actionem
643 1979 789 2054 adulterii
811 1981 981 2059 instituat,
1007 1995 1068 2063 qua
1088 1977 1143 2053 adp

186 2121 306 2202 missa,
338 2136 449 2204 potest
477 2121 652 2187 divortium
678 2136 733 2186 aut
756 2121 819 2187 tori
847 2134 878 2185 et
904 2136 1028 2185 mensae
1052 2135 1143 2199 sepa·

187 2267 340 2332 rationem
360 2277 466 2346 petere
487 2267 505 2350 (
517 2267 586 2348 2);
608 2280 706 2346 atque
729 2278 883 2346 practerea
901 2262 1021 2326 mulcta
1048 2261 1144 2347 puni·

189 2423 243 2475 tur
267 2404 449 2490 pecuniario
475 2406 630 2487 marimo,
663 2423 743 2486 quae
766 2423 831 2471 non
858 2404 963 2469 minus
986 2421 1056 2469 esre
1085 2421 1145 2485 po·

189 2565 253 2625 test
273 2567 369 2632 quam
395 2560 524 2612 centurn
538 2545 664 2629 franci,
695 2567 753 2614 nec
770 2562 876 2632 potest
897 2548 1046 2617 excedere
1059 2565 1146 2616 sum·

190 2711 272 2759 mam
303 2690 353 2754 bis
384 2689 472 2754 miile
496 2688 694 2759 francorum.
747 2691 825 2755 Non
851 2689 950 2768 igitur
975 2706 1023 2756 est
1050 2691 1163 2762 delier

188 2851 256 2903 tum
273 2831 460 2899 adulterium
483 2833 607 2912 mariti,
634 2834 696 2898 nisi
712 2851 806 2898 casus
824 2831 958 2912 existat,
982 2849 1075 2912 quern
1096 2833 1145 2894 lex

187 2975 344 3068 praeridit
366 2991 426 3046 art.
448 2992 524 3058 339.
548 2976 592 3042 C.
613 2976 652 3058 P,
698 2977 760 3043 Sed
786 2976 887 3042 adhuc
912 2974 1144 3040 obseruandum

189 3119 336 3199 videtur,
366 3135 500 3210 uxorem
523 3134 600 3183 tunc
624 3122 723 3186 solam
747 3119 860 3185 habere
889 3117 1070 3184 facultatem
1094 3136 1149 3179 ac-

192 3261 311 3329 tionem
340 3260 552 3344 instituendi3
588 3264 642 3327 alii
673 3279 782 3328 ornnes
804 3279 972 3342 arcentur3
998 3262 1058 3325 hoc
1084 3268 1149 3347 jam

191 3403 268 3470 oiim
294 3402 326 3467 in
357 3400 463 3468 Gallia
493 3403 595 3476 fuisse
625 3406 894 3489 jurisprudentiae
924 3405 1145 3488 principium,
1206 3487 1213 3502 ,

1089 3565 1154 3616 tes·

118 3780 120 3785 .
233 3728 608 3809 (r)C.P.art.339.1

233 3833 301 3912 (2)
322 3840 353 3900 C.
374 3841 405 3898 C.
426 3852 496 3908 230,
517 3837 582 3909 306.

694 3936 766 4026 Ca
