2662 4776
350 392 881 489 runuouunrrs
1045 413 1089 497 m

126 590 220 656 detur
246 584 321 654 oriri
350 585 518 668 quaestio,
547 588 586 654 de
610 605 682 671 qua
698 590 763 675 iam
790 606 886 674 supra
913 593 938 661 l,
962 593 990 660 la
1018 592 1086 660 dis·

129 714 416 815 putavimus,.sed
443 744 510 794 non
535 729 664 813 proprie
688 729 754 798 dici
790 744 921 816 potest,
942 735 1083 802 eamdem

127 890 199 941 esse
226 873 306 937 hanc
336 882 433 952 atque
447 868 547 936 illam
574 873 817 958 quaestionem
841 892 906 940 non
921 877 1004 942 enim
1023 875 1080 943 iia·

128 1016 198 1082 dem
226 1013 348 1080 laborat
376 1011 648 1097 difficultatibus,
677 1032 782 1098 neque
816 1015 958 1083 rationes
972 1016 1082 1083 'dubi-

65 1193 67 1200 =
129 1155 219 1223 tandi
243 1152 438 1221 hio-adsunt
460 1170 539 1234 quae
556 1156 681 1223 fueraut
702 1156 783 1225 illic.
828 1155 897 1225 Ubi
913 1160 1082 1226 cuimms*
1120 1211 1123 1217 .

128 1311 177 1364 ter
197 1310 282 1362 certa
308 1311 379 1380 est,
400 1295 522 1361 nullius
550 1313 630 1362 usus
653 1312 702 1365 est
723 1299 924 1383 prohibitio,
947 1297 1076 1383 quomi-

129 1440 287 1537 nushaec
304 1453 457 1523 agnoscat
476 1436 883 1521 infantemadultcrinum,
903 1456 1000 1522 atque
1019 1439 1074 1505 hio

127 1584 167 1650 de
193 1593 290 1647 matre
312 1596 370 1643 sua
400 1579 561 1660 inquirat3
584 1579 704 1645 nullam
733 1579 834 1663 igitur
855 1581 1076 1655 difficultatem

128 1722 345 1810 praebetart.
367 1717 410 1790 C.
432 1720 477 1787 C.
500 1718 576 1805 762.
620 1721 670 1788 De
697 1737 794 1789 matre
821 1739 973 1809 constat,
999 1743 1079 1792 cum

128 1879 248 1935 certum
276 1863 345 1946 sit,
365 1879 457 1944 eam,
479 1877 584 1929 stante
613 1862 837 1950 matrimonio,
867 1867 1077 1950 concepisse,

131 2007 171 2074 d'e
185 2003 295 2072 liberis
321 2003 505 2070 adulterinis
527 2017 653 2070 constat
678 2023 716 2071 ex
745 2026 814 2089 eo,
842 2009 932 2092 quod
954 2026 1079 2075 recusa·

130 2153 179 2216 tio
204 2143 353 2212 amarito
382 2145 434 2211 vel
459 2145 527 2228 ejus
549 2145 714 2211 heredibus
737 2146 807 2230 jure
833 2148 1002 2231 instituta,
1027 2163 1078 2216 est
1170 2111 1171 2114 Ἴ

132 2286 283 2354 admissa.
327 2277 396 2349 Lex
420 2282 596 2369 permittit,
619 2297 654 2349 ut
678 2285 768 2351 liberi
787 2285 955 2352 adulterini
981 2306 998 2353 a
1021 2307 1077 2371 pa.

131 2426 275 2498 rentibus
295 2425 441 2492 alimenta
467 2438 599 2507 petant;
631 2438 741 2509 petant
767 2426 893 2510 igitur,
917 2427 997 2495 nibil
1019 2429 1080 2503 im-

131 2540 255 2660 pedit,
272 2569 445 2651 quominus
473 2567 531 2630 hac
558 2564 709 2632 facultate
733 2568 901 2650 gaudeant,
945 2570 980 2635 Si
1009 2587 1075 2639 nou

131 2711 289 2782 amarito
311 2710 363 2775 vel
387 2709 456 2791 ejus
480 2706 648 2772 heredibus
672 2721 727 2788 per
751 2710 904 2787 temporis
927 2711 1075 2779 interval·

123 2858 222 2939 ium,
254 2851 343 2935 quod
367 2848 418 2914 lex
441 2845 597 2928 requirit,
629 2848 694 2913 sint
723 2848 880 2941 recusati,
910 2850 1075 2916 incorum

123 2999 272 3066 :favorem
300 2991 415 3058 militat
443 2991 568 3074 regula,
594 3002 695 3076 pater
712 3002 795 3071 ast,
826 3013 917 3078 quam
947 2997 1080 3080 nuptias
1117 3000 1119 3005 ’

131 3139 375 3212 demonstrant,
399 3127 496 3214 atque
513 3131 697 3215 plenissime
717 3133 853 3216 gaudent
869 3132 946 3216 Jure
973 3135 1077 3218 legiti-

121 3296 258 3350 morum
283 3277 477 3360 liberorumq
501 3273 530 3340 si
545 3276 617 3359 jure
634 3272 700 3341 sint
723 3275 881 3357 recusati,
910 3275 1076 3342 decorum

133 3437 222 3491 statu
244 3432 395 3498 constat,
417 3434 520 3499 neque
539 3415 637 3498 igitur
663 3431 801 3498 possunt
827 3427 945 3481 statum
961 3428 992 3481 et
1008 3416 1079 3499 iura

133 3575 286 3646 usurpare
309 3558 479 3625 liberorum
506 3557 725 3640 naturalium,
754 3557 842 3641 quod
859 3550 904 3623 'ut
933 3526 1082 3639 impedio·

137 3718 209 3790 tur,
231 3715 280 3770 est
298 3701 423 3770 articuli
448 3712 509 3786 335
528 3699 621 3770 ratior
