<?xml version="1.0" encoding="UTF-8"?>
<!DOCTYPE html PUBLIC "-//W3C//DTD XHTML 1.0 Transitional//EN"
    "http://www.w3.org/TR/xhtml1/DTD/xhtml1-transitional.dtd">
<html xmlns="http://www.w3.org/1999/xhtml" xml:lang="en" lang="en">
 <head>
  <title>
</title>
<meta http-equiv="Content-Type" content="text/html;charset=utf-8" />
  <meta name='ocr-system' content='tesseract 3.04.00' />
  <meta name='ocr-capabilities' content='ocr_page ocr_carea ocr_par ocr_line ocrx_word'/>
</head>
<body>
  <div class='ocr_page' id='page_1' title='image "./deadulteriosecu00weldgoog_0072.png"; bbox 0 0 2662 4776; ppageno 0'>
   <div class='ocr_carea' id='block_1_1' title="bbox 411 369 1159 475">
    <p class='ocr_par' dir='ltr' id='par_1_1' title="bbox 411 369 1159 475">
     <span class='ocr_line' id='line_1_1' title="bbox 411 369 1159 475; baseline 0.007 -35"><span class='ocrx_word' id='word_1_1' title='bbox 411 369 947 451; x_wconf 73' lang='lat' dir='ltr'><strong>nunuounsnts</strong></span> <span class='ocrx_word' id='word_1_2' title='bbox 1112 408 1159 475; x_wconf 47' lang='lat' dir='ltr'><em>w</em></span> 
     </span>
    </p>
   </div>
   <div class='ocr_carea' id='block_1_2' title="bbox 85 553 1207 3329">
    <p class='ocr_par' dir='ltr' id='par_1_2' title="bbox 85 553 1207 3329">
     <span class='ocr_line' id='line_1_2' title="bbox 191 553 1153 643; baseline 0.01 -17"><span class='ocrx_word' id='word_1_3' title='bbox 191 555 371 641; x_wconf 79' lang='lat' dir='ltr'><strong>legitimum</strong></span> <span class='ocrx_word' id='word_1_4' title='bbox 390 573 429 624; x_wconf 87' lang='lat' dir='ltr'><strong>ex</strong></span> <span class='ocrx_word' id='word_1_5' title='bbox 447 572 565 637; x_wconf 85' lang='lat' dir='ltr'><strong>uxore,</strong></span> <span class='ocrx_word' id='word_1_6' title='bbox 578 553 700 643; x_wconf 80' lang='lat' dir='ltr'><strong>elium,</strong></span> <span class='ocrx_word' id='word_1_7' title='bbox 718 576 812 642; x_wconf 88' lang='lat' dir='ltr'><strong>quem</strong></span> <span class='ocrx_word' id='word_1_8' title='bbox 831 574 934 631; x_wconf 80' lang='lat' dir='ltr'><strong>stante</strong></span> <span class='ocrx_word' id='word_1_9' title='bbox 950 562 1153 636; x_wconf 77' lang='lat' dir='ltr'><strong>matrimonio</strong></span> 
     </span>
     <span class='ocr_line' id='line_1_3' title="bbox 191 698 1149 787; baseline 0.01 -20"><span class='ocrx_word' id='word_1_10' title='bbox 191 717 255 767; x_wconf 92' lang='lat' dir='ltr'><strong>sno</strong></span> <span class='ocrx_word' id='word_1_11' title='bbox 285 717 363 765; x_wconf 86' lang='lat' dir='ltr'><strong>cum</strong></span> <span class='ocrx_word' id='word_1_12' title='bbox 395 715 496 766; x_wconf 83' lang='lat' dir='ltr'><strong>uxore</strong></span> <span class='ocrx_word' id='word_1_13' title='bbox 529 714 569 764; x_wconf 87' lang='lat' dir='ltr'><strong>ex</strong></span> <span class='ocrx_word' id='word_1_14' title='bbox 601 698 717 766; x_wconf 80' lang='lat' dir='ltr'><strong>ancilia</strong></span> <span class='ocrx_word' id='word_1_15' title='bbox 748 699 914 787; x_wconf 79' lang='lat' dir='ltr'><strong>suscepit3</strong></span> <span class='ocrx_word' id='word_1_16' title='bbox 944 701 978 770; x_wconf 94' lang='lat' dir='ltr'><strong>in</strong></span> <span class='ocrx_word' id='word_1_17' title='bbox 1007 704 1149 776; x_wconf 85' lang='lat' dir='ltr'><strong>favorem</strong></span> 
     </span>
     <span class='ocr_line' id='line_1_4' title="bbox 191 838 1149 929; baseline 0 -25"><span class='ocrx_word' id='word_1_18' title='bbox 191 839 288 927; x_wconf 84' lang='lat' dir='ltr'><strong>hujus</strong></span> <span class='ocrx_word' id='word_1_19' title='bbox 316 838 463 924; x_wconf 75' lang='lat' dir='ltr'><strong>disponit</strong></span> <span class='ocrx_word' id='word_1_20' title='bbox 485 838 525 905; x_wconf 91' lang='lat' dir='ltr'><strong>de</strong></span> <span class='ocrx_word' id='word_1_21' title='bbox 550 856 587 906; x_wconf 81' lang='lat' dir='ltr'><strong>es</strong></span> <span class='ocrx_word' id='word_1_22' title='bbox 607 854 698 921; x_wconf 86' lang='lat' dir='ltr'><strong>parte</strong></span> <span class='ocrx_word' id='word_1_23' title='bbox 726 840 906 923; x_wconf 88' lang='lat' dir='ltr'><strong>bonorum,</strong></span> <span class='ocrx_word' id='word_1_24' title='bbox 935 843 1058 929; x_wconf 78' lang='lat' dir='ltr'><strong>dequo</strong></span> <span class='ocrx_word' id='word_1_25' title='bbox 1081 849 1149 916; x_wconf 87' lang='lat' dir='ltr'><strong>dis.</strong></span> 
     </span>
     <span class='ocr_line' id='line_1_5' title="bbox 189 981 1146 1072; baseline 0.007 -25"><span class='ocrx_word' id='word_1_26' title='bbox 189 999 307 1066; x_wconf 83' lang='lat' dir='ltr'><strong>ponere</strong></span> <span class='ocrx_word' id='word_1_27' title='bbox 327 981 361 1048; x_wconf 93' lang='lat' dir='ltr'><strong>in</strong></span> <span class='ocrx_word' id='word_1_28' title='bbox 389 981 529 1049; x_wconf 82' lang='lat' dir='ltr'><strong>favorem</strong></span> <span class='ocrx_word' id='word_1_29' title='bbox 557 981 617 1049; x_wconf 85' lang='lat' dir='ltr'><strong>filii</strong></span> <span class='ocrx_word' id='word_1_30' title='bbox 635 982 791 1049; x_wconf 86' lang='lat' dir='ltr'><strong>natnrtiis</strong></span> <span class='ocrx_word' id='word_1_31' title='bbox 811 996 950 1067; x_wconf 82' lang='lat' dir='ltr'><strong>posset3</strong></span> <span class='ocrx_word' id='word_1_32' title='bbox 969 997 1052 1068; x_wconf 90' lang='lat' dir='ltr'><strong>post</strong></span> <span class='ocrx_word' id='word_1_33' title='bbox 1076 988 1146 1072; x_wconf 82' lang='lat' dir='ltr'><strong>ejus</strong></span> 
     </span>
     <span class='ocr_line' id='line_1_6' title="bbox 189 1121 1148 1209; baseline 0.003 -18"><span class='ocrx_word' id='word_1_34' title='bbox 189 1136 352 1204; x_wconf 87' lang='lat' dir='ltr'><strong>mortem,</strong></span> <span class='ocrx_word' id='word_1_35' title='bbox 376 1122 464 1189; x_wconf 86' lang='lat' dir='ltr'><strong>filins</strong></span> <span class='ocrx_word' id='word_1_36' title='bbox 491 1121 562 1208; x_wconf 83' lang='lat' dir='ltr'><strong>ejus</strong></span> <span class='ocrx_word' id='word_1_37' title='bbox 589 1121 754 1208; x_wconf 80' lang='lat' dir='ltr'><strong>legitimus</strong></span> <span class='ocrx_word' id='word_1_38' title='bbox 779 1138 899 1209; x_wconf 75' lang='lat' dir='ltr'><strong>portent</strong></span> <span class='ocrx_word' id='word_1_39' title='bbox 928 1123 1148 1194; x_wconf 75' lang='lat' dir='ltr'><strong>successionis</strong></span> 
     </span>
     <span class='ocr_line' id='line_1_7' title="bbox 187 1253 1146 1355; baseline 0.002 -24"><span class='ocrx_word' id='word_1_40' title='bbox 187 1265 308 1350; x_wconf 86' lang='lat' dir='ltr'><strong>petenti</strong></span> <span class='ocrx_word' id='word_1_41' title='bbox 326 1263 496 1350; x_wconf 82' lang='lat' dir='ltr'><strong>legatario,</strong></span> <span class='ocrx_word' id='word_1_42' title='bbox 518 1281 585 1330; x_wconf 86' lang='lat' dir='ltr'><strong>eam</strong></span> <span class='ocrx_word' id='word_1_43' title='bbox 603 1253 760 1334; x_wconf 73' lang='lat' dir='ltr'>extradere</span> <span class='ocrx_word' id='word_1_44' title='bbox 780 1277 928 1345; x_wconf 84' lang='lat' dir='ltr'><strong>recusat,</strong></span> <span class='ocrx_word' id='word_1_45' title='bbox 955 1265 1146 1355; x_wconf 75' lang='lat' dir='ltr'><strong>exceptione</strong></span> 
     </span>
     <span class='ocr_line' id='line_1_8' title="bbox 187 1405 1207 1495; baseline -0.01 -19"><span class='ocrx_word' id='word_1_46' title='bbox 187 1407 355 1495; x_wconf 84' lang='lat' dir='ltr'><strong>proposita</strong></span> <span class='ocrx_word' id='word_1_47' title='bbox 381 1405 474 1471; x_wconf 86' lang='lat' dir='ltr'><strong>illum</strong></span> <span class='ocrx_word' id='word_1_48' title='bbox 494 1421 565 1470; x_wconf 84' lang='lat' dir='ltr'><strong>esse</strong></span> <span class='ocrx_word' id='word_1_49' title='bbox 585 1405 687 1472; x_wconf 86' lang='lat' dir='ltr'><strong>filium</strong></span> <span class='ocrx_word' id='word_1_50' title='bbox 707 1405 940 1490; x_wconf 83' lang='lat' dir='ltr'><strong>adulterinum,</strong></span> <span class='ocrx_word' id='word_1_51' title='bbox 959 1417 1058 1488; x_wconf 79' lang='lat' dir='ltr'><strong>atque</strong></span> <span class='ocrx_word' id='word_1_52' title='bbox 1078 1407 1140 1492; x_wconf 81' lang='lat' dir='ltr'><strong>igi·</strong></span> <span class='ocrx_word' id='word_1_53' title='bbox 1203 1458 1207 1466; x_wconf 83' lang='lat'><em>.</em></span> 
     </span>
     <span class='ocr_line' id='line_1_9' title="bbox 186 1526 1142 1629; baseline -0.005 -9"><span class='ocrx_word' id='word_1_54' title='bbox 186 1548 342 1620; x_wconf 85' lang='lat' dir='ltr'><strong>tutnuiio</strong></span> <span class='ocrx_word' id='word_1_55' title='bbox 355 1526 478 1627; x_wconf 78' lang='lat' dir='ltr'><strong>¹niodo,</strong></span> <span class='ocrx_word' id='word_1_56' title='bbox 493 1562 531 1614; x_wconf 91' lang='lat' dir='ltr'><strong>ut</strong></span> <span class='ocrx_word' id='word_1_57' title='bbox 547 1549 905 1629; x_wconf 83' lang='lat' dir='ltr'><strong>succedst,capsce1u,·</strong></span> <span class='ocrx_word' id='word_1_58' title='bbox 923 1546 1061 1618; x_wconf 80' lang='lat' dir='ltr'><strong>dubitati</strong></span> <span class='ocrx_word' id='word_1_59' title='bbox 1073 1565 1142 1618; x_wconf 91' lang='lat' dir='ltr'><strong>non</strong></span> 
     </span>
     <span class='ocr_line' id='line_1_10' title="bbox 188 1665 1141 1776; baseline -0.001 -18"><span class='ocrx_word' id='word_1_60' title='bbox 188 1702 319 1776; x_wconf 85' lang='lat' dir='ltr'><strong>potest,</strong></span> <span class='ocrx_word' id='word_1_61' title='bbox 339 1687 458 1771; x_wconf 87' lang='lat' dir='ltr'><strong>cuique</strong></span> <span class='ocrx_word' id='word_1_62' title='bbox 481 1685 607 1755; x_wconf 82' lang='lat' dir='ltr'><strong>licitum</strong></span> <span class='ocrx_word' id='word_1_63' title='bbox 630 1704 723 1768; x_wconf 87' lang='lat' dir='ltr'><strong>esse,</strong></span> <span class='ocrx_word' id='word_1_64' title='bbox 742 1687 796 1771; x_wconf 76' lang='lat' dir='ltr'><strong>ius</strong></span> <span class='ocrx_word' id='word_1_65' title='bbox 816 1665 912 1757; x_wconf 81' lang='lat' dir='ltr'><strong>suunt</strong></span> <span class='ocrx_word' id='word_1_66' title='bbox 930 1687 1080 1772; x_wconf 87' lang='lat' dir='ltr'><strong>persequi</strong></span> <span class='ocrx_word' id='word_1_67' title='bbox 1104 1690 1141 1757; x_wconf 93' lang='lat' dir='ltr'><strong>in</strong></span> 
     </span>
     <span class='ocr_line' id='line_1_11' title="bbox 85 1824 1143 1929; baseline -0.004 -28"><span class='ocrx_word' id='word_1_68' title='bbox 85 1824 88 1828; x_wconf 72' lang='grc'><strong>’</strong></span> <span class='ocrx_word' id='word_1_69' title='bbox 186 1828 434 1912; x_wconf 81' lang='lat' dir='ltr'><strong>foro-omnibus</strong></span> <span class='ocrx_word' id='word_1_70' title='bbox 447 1828 583 1929; x_wconf 18' lang='lat' dir='ltr'><strong>(modis,</strong></span> <span class='ocrx_word' id='word_1_71' title='bbox 604 1827 717 1896; x_wconf 88' lang='lat' dir='ltr'><strong>sedin</strong></span> <span class='ocrx_word' id='word_1_72' title='bbox 742 1844 820 1900; x_wconf 81' lang='lat' dir='ltr'><strong>casu</strong></span> <span class='ocrx_word' id='word_1_73' title='bbox 838 1829 1009 1913; x_wconf 86' lang='lat' dir='ltr'><strong>proposito</strong></span> <span class='ocrx_word' id='word_1_74' title='bbox 1027 1829 1143 1914; x_wconf 73' lang='lat' dir='ltr'><strong>obiici·</strong></span> 
     </span>
     <span class='ocr_line' id='line_1_12' title="bbox 186 1968 1141 2056; baseline -0.008 -13"><span class='ocrx_word' id='word_1_75' title='bbox 186 1990 241 2044; x_wconf 85' lang='lat' dir='ltr'><strong>tur</strong></span> <span class='ocrx_word' id='word_1_76' title='bbox 254 1986 317 2041; x_wconf 82' lang='lat' dir='ltr'><strong>art.</strong></span> <span class='ocrx_word' id='word_1_77' title='bbox 329 1971 373 2041; x_wconf 90' lang='lat' dir='ltr'><strong>C.</strong></span> <span class='ocrx_word' id='word_1_78' title='bbox 390 1970 430 2041; x_wconf 90' lang='grc' dir='ltr'><strong>Ρ.</strong></span> <span class='ocrx_word' id='word_1_79' title='bbox 449 1990 523 2056; x_wconf 82' lang='lat'><strong>339.</strong></span> <span class='ocrx_word' id='word_1_80' title='bbox 544 1983 576 2035; x_wconf 96' lang='lat' dir='ltr'><strong>et</strong></span> <span class='ocrx_word' id='word_1_81' title='bbox 590 1971 636 2039; x_wconf 82' lang='lat' dir='ltr'><strong>C.</strong></span> <span class='ocrx_word' id='word_1_82' title='bbox 653 1970 696 2039; x_wconf 87' lang='lat' dir='ltr'><strong>C.</strong></span> <span class='ocrx_word' id='word_1_83' title='bbox 713 1988 791 2054; x_wconf 81' lang='lat'><strong>340.</strong></span> <span class='ocrx_word' id='word_1_84' title='bbox 811 1971 848 2037; x_wconf 77' lang='lat' dir='ltr'><strong>la</strong></span> <span class='ocrx_word' id='word_1_85' title='bbox 865 1970 1036 2049; x_wconf 67' lang='lat' dir='ltr'><strong>recherche</strong></span> <span class='ocrx_word' id='word_1_86' title='bbox 1049 1968 1089 2036; x_wconf 78' lang='lat' dir='ltr'><strong>dc</strong></span> <span class='ocrx_word' id='word_1_87' title='bbox 1104 1971 1141 2036; x_wconf 87' lang='lat' dir='ltr'><strong>la</strong></span> 
     </span>
     <span class='ocr_line' id='line_1_13' title="bbox 183 2109 1148 2206; baseline 0.001 -27"><span class='ocrx_word' id='word_1_88' title='bbox 183 2115 357 2206; x_wconf 72' lang='lat' dir='ltr'><strong>paternitc</strong></span> <span class='ocrx_word' id='word_1_89' title='bbox 380 2125 429 2178; x_wconf 74' lang='lat' dir='ltr'><strong>est</strong></span> <span class='ocrx_word' id='word_1_90' title='bbox 452 2109 633 2195; x_wconf 59' lang='lat' dir='ltr'><strong>smerdem</strong></span> <span class='ocrx_word' id='word_1_91' title='bbox 655 2124 686 2178; x_wconf 94' lang='lat' dir='ltr'><strong>et</strong></span> <span class='ocrx_word' id='word_1_92' title='bbox 706 2110 774 2194; x_wconf 76' lang='lat' dir='ltr'><strong>iam</strong></span> <span class='ocrx_word' id='word_1_93' title='bbox 794 2124 910 2194; x_wconf 91' lang='lat' dir='ltr'><strong>sponte</strong></span> <span class='ocrx_word' id='word_1_94' title='bbox 937 2109 1081 2180; x_wconf 87' lang='lat' dir='ltr'><strong>venimus</strong></span> <span class='ocrx_word' id='word_1_95' title='bbox 1106 2114 1148 2185; x_wconf 82' lang='lat' dir='ltr'><strong>ad</strong></span> 
     </span>
     <span class='ocr_line' id='line_1_14' title="bbox 184 2252 1145 2349; baseline -0.001 -26"><span class='ocrx_word' id='word_1_96' title='bbox 184 2253 435 2341; x_wconf 63' lang='lat' dir='ltr'><strong>nonnionem,</strong></span> <span class='ocrx_word' id='word_1_97' title='bbox 456 2269 607 2337; x_wconf 79' lang='lat' dir='ltr'><strong>quaenam</strong></span> <span class='ocrx_word' id='word_1_98' title='bbox 630 2252 675 2321; x_wconf 92' lang='lat' dir='ltr'><strong>sit</strong></span> <span class='ocrx_word' id='word_1_99' title='bbox 699 2252 752 2319; x_wconf 88' lang='lat' dir='ltr'><strong>vis</strong></span> <span class='ocrx_word' id='word_1_100' title='bbox 781 2264 842 2319; x_wconf 80' lang='lat' dir='ltr'><strong>ort.</strong></span> <span class='ocrx_word' id='word_1_101' title='bbox 866 2269 940 2349; x_wconf 65' lang='lat'><strong>340,</strong></span> <span class='ocrx_word' id='word_1_102' title='bbox 962 2252 1050 2335; x_wconf 91' lang='lat' dir='ltr'><strong>quod</strong></span> <span class='ocrx_word' id='word_1_103' title='bbox 1069 2253 1145 2322; x_wconf 82' lang='lat' dir='ltr'><strong>atti·</strong></span> 
     </span>
     <span class='ocr_line' id='line_1_15' title="bbox 185 2391 1142 2480; baseline -0.004 -13"><span class='ocrx_word' id='word_1_104' title='bbox 185 2396 298 2467; x_wconf 86' lang='lat' dir='ltr'><strong>netad</strong></span> <span class='ocrx_word' id='word_1_105' title='bbox 316 2395 435 2462; x_wconf 89' lang='lat' dir='ltr'><strong>liberos</strong></span> <span class='ocrx_word' id='word_1_106' title='bbox 449 2393 659 2462; x_wconf 76' lang='lat' dir='ltr'><strong>adulterinos.</strong></span> <span class='ocrx_word' id='word_1_107' title='bbox 697 2393 749 2461; x_wconf 90' lang='lat' dir='ltr'><strong>De</strong></span> <span class='ocrx_word' id='word_1_108' title='bbox 767 2392 818 2459; x_wconf 89' lang='lat' dir='ltr'><strong>his</strong></span> <span class='ocrx_word' id='word_1_109' title='bbox 836 2391 1073 2480; x_wconf 79' lang='lat' dir='ltr'><strong>objectionibus</strong></span> <span class='ocrx_word' id='word_1_110' title='bbox 1090 2397 1142 2463; x_wconf 88' lang='lat' dir='ltr'><strong>di·</strong></span> 
     </span>
     <span class='ocr_line' id='line_1_16' title="bbox 185 2534 1143 2621; baseline -0.014 -13"><span class='ocrx_word' id='word_1_111' title='bbox 185 2542 320 2616; x_wconf 85' lang='lat' dir='ltr'><strong>cendum</strong></span> <span class='ocrx_word' id='word_1_112' title='bbox 344 2537 441 2605; x_wconf 86' lang='lat' dir='ltr'><strong>nobis</strong></span> <span class='ocrx_word' id='word_1_113' title='bbox 469 2537 616 2621; x_wconf 83' lang='lat' dir='ltr'><strong>videtur,</strong></span> <span class='ocrx_word' id='word_1_114' title='bbox 638 2535 697 2603; x_wconf 81' lang='lat' dir='ltr'><strong>has</strong></span> <span class='ocrx_word' id='word_1_115' title='bbox 719 2552 786 2604; x_wconf 86' lang='lat' dir='ltr'><strong>nou</strong></span> <span class='ocrx_word' id='word_1_116' title='bbox 816 2534 991 2619; x_wconf 85' lang='lat' dir='ltr'><strong>inpedire,</strong></span> <span class='ocrx_word' id='word_1_117' title='bbox 1011 2538 1143 2618; x_wconf 82' lang='lat' dir='ltr'><strong>quoni.</strong></span> 
     </span>
     <span class='ocr_line' id='line_1_17' title="bbox 128 2673 1142 2762; baseline -0.005 -11"><span class='ocrx_word' id='word_1_118' title='bbox 128 2756 136 2760; x_wconf 65' lang='grc'><em>,</em></span> <span class='ocrx_word' id='word_1_119' title='bbox 184 2701 246 2751; x_wconf 88' lang='lat' dir='ltr'><strong>nus</strong></span> <span class='ocrx_word' id='word_1_120' title='bbox 274 2673 360 2747; x_wconf 84' lang='lat' dir='ltr'><strong>recte</strong></span> <span class='ocrx_word' id='word_1_121' title='bbox 373 2691 495 2747; x_wconf 84' lang='lat' dir='ltr'><strong>-utatur</strong></span> <span class='ocrx_word' id='word_1_122' title='bbox 519 2676 607 2747; x_wconf 85' lang='lat' dir='ltr'><strong>filins</strong></span> <span class='ocrx_word' id='word_1_123' title='bbox 628 2674 791 2760; x_wconf 82' lang='lat' dir='ltr'><strong>legitimus</strong></span> <span class='ocrx_word' id='word_1_124' title='bbox 811 2677 999 2759; x_wconf 84' lang='lat' dir='ltr'><strong>exceptione</strong></span> <span class='ocrx_word' id='word_1_125' title='bbox 1019 2695 1142 2762; x_wconf 80' lang='lat' dir='ltr'><strong>propo·</strong></span> 
     </span>
     <span class='ocr_line' id='line_1_18' title="bbox 183 2817 1143 2909; baseline -0.008 -16"><span class='ocrx_word' id='word_1_126' title='bbox 183 2825 266 2909; x_wconf 80' lang='lat' dir='ltr'><strong>situ;</strong></span> <span class='ocrx_word' id='word_1_127' title='bbox 289 2838 357 2889; x_wconf 92' lang='lat' dir='ltr'><strong>non</strong></span> <span class='ocrx_word' id='word_1_128' title='bbox 384 2819 468 2891; x_wconf 86' lang='lat' dir='ltr'><strong>enim</strong></span> <span class='ocrx_word' id='word_1_129' title='bbox 495 2819 654 2890; x_wconf 83' lang='lat' dir='ltr'><strong>actionem</strong></span> <span class='ocrx_word' id='word_1_130' title='bbox 682 2817 846 2901; x_wconf 87' lang='lat' dir='ltr'><strong>instituit,</strong></span> <span class='ocrx_word' id='word_1_131' title='bbox 869 2831 906 2883; x_wconf 93' lang='lat' dir='ltr'><strong>ut</strong></span> <span class='ocrx_word' id='word_1_132' title='bbox 931 2821 1010 2883; x_wconf 85' lang='lat' dir='ltr'><strong>alter</strong></span> <span class='ocrx_word' id='word_1_133' title='bbox 1037 2817 1143 2890; x_wconf 81' lang='lat' dir='ltr'><strong>decla·</strong></span> 
     </span>
     <span class='ocr_line' id='line_1_19' title="bbox 184 2959 1141 3061; baseline -0.004 -30"><span class='ocrx_word' id='word_1_134' title='bbox 184 2979 272 3031; x_wconf 81' lang='lat' dir='ltr'><strong>retur</strong></span> <span class='ocrx_word' id='word_1_135' title='bbox 297 2961 387 3028; x_wconf 87' lang='lat' dir='ltr'><strong>iiiios</strong></span> <span class='ocrx_word' id='word_1_136' title='bbox 417 2962 637 3042; x_wconf 84' lang='lat' dir='ltr'><strong>adulterinus,</strong></span> <span class='ocrx_word' id='word_1_137' title='bbox 658 2960 717 3028; x_wconf 86' lang='lat' dir='ltr'><strong>sed</strong></span> <span class='ocrx_word' id='word_1_138' title='bbox 736 2973 848 3061; x_wconf 83' lang='lat' dir='ltr'><strong>contre</strong></span> <span class='ocrx_word' id='word_1_139' title='bbox 877 2960 1007 3042; x_wconf 79' lang='lat' dir='ltr'><strong>alterius</strong></span> <span class='ocrx_word' id='word_1_140' title='bbox 1042 2959 1141 3027; x_wconf 83' lang='lat' dir='ltr'><strong>ectio·</strong></span> 
     </span>
     <span class='ocr_line' id='line_1_20' title="bbox 182 3101 1142 3186; baseline -0.004 -14"><span class='ocrx_word' id='word_1_141' title='bbox 182 3122 277 3185; x_wconf 88' lang='lat' dir='ltr'><strong>nem,</strong></span> <span class='ocrx_word' id='word_1_142' title='bbox 307 3120 371 3183; x_wconf 82' lang='lat' dir='ltr'><strong>qua</strong></span> <span class='ocrx_word' id='word_1_143' title='bbox 397 3120 472 3186; x_wconf 85' lang='lat' dir='ltr'><strong>pnrs</strong></span> <span class='ocrx_word' id='word_1_144' title='bbox 497 3101 715 3171; x_wconf 88' lang='lat' dir='ltr'><strong>successionis</strong></span> <span class='ocrx_word' id='word_1_145' title='bbox 748 3103 812 3170; x_wconf 92' lang='lat' dir='ltr'><strong>sibi</strong></span> <span class='ocrx_word' id='word_1_146' title='bbox 837 3117 1022 3186; x_wconf 89' lang='lat' dir='ltr'><strong>competens</strong></span> <span class='ocrx_word' id='word_1_147' title='bbox 1044 3118 1142 3186; x_wconf 84' lang='lat' dir='ltr'><strong>peta·</strong></span> 
     </span>
     <span class='ocr_line' id='line_1_21' title="bbox 181 3243 1142 3329; baseline -0.005 -18"><span class='ocrx_word' id='word_1_148' title='bbox 181 3261 257 3327; x_wconf 83' lang='lat' dir='ltr'><strong>tur,</strong></span> <span class='ocrx_word' id='word_1_149' title='bbox 280 3245 499 3325; x_wconf 86' lang='lat' dir='ltr'><strong>exceptionem</strong></span> <span class='ocrx_word' id='word_1_150' title='bbox 526 3245 648 3328; x_wconf 85' lang='lat' dir='ltr'><strong>novit,</strong></span> <span class='ocrx_word' id='word_1_151' title='bbox 670 3259 707 3310; x_wconf 95' lang='lat' dir='ltr'><strong>ut</strong></span> <span class='ocrx_word' id='word_1_152' title='bbox 725 3243 787 3329; x_wconf 90' lang='lat' dir='ltr'><strong>Jus</strong></span> <span class='ocrx_word' id='word_1_153' title='bbox 807 3262 904 3311; x_wconf 81' lang='lat' dir='ltr'><strong>suunt</strong></span> <span class='ocrx_word' id='word_1_154' title='bbox 928 3246 1051 3312; x_wconf 81' lang='lat' dir='ltr'><strong>salvum</strong></span> <span class='ocrx_word' id='word_1_155' title='bbox 1074 3261 1142 3307; x_wconf 90' lang='lat' dir='ltr'><strong>ser·</strong></span> 
     </span>
    </p>
   </div>
   <div class='ocr_carea' id='block_1_3' title="bbox 179 3384 1140 3468">
    <p class='ocr_par' dir='ltr' id='par_1_3' title="bbox 179 3384 1140 3468">
     <span class='ocr_line' id='line_1_22' title="bbox 179 3384 1140 3468; baseline -0.006 -15"><span class='ocrx_word' id='word_1_156' title='bbox 179 3402 287 3455; x_wconf 83' lang='lat' dir='ltr'><strong>vetur.</strong></span> <span class='ocrx_word' id='word_1_157' title='bbox 336 3384 562 3468; x_wconf 81' lang='lat' dir='ltr'><strong>Improbantur</strong></span> <span class='ocrx_word' id='word_1_158' title='bbox 590 3387 667 3456; x_wconf 87' lang='lat' dir='ltr'><strong>haec</strong></span> <span class='ocrx_word' id='word_1_159' title='bbox 685 3386 847 3453; x_wconf 88' lang='lat' dir='ltr'><strong>decisione</strong></span> <span class='ocrx_word' id='word_1_160' title='bbox 875 3385 993 3452; x_wconf 81' lang='lat' dir='ltr'><strong>Curiae</strong></span> <span class='ocrx_word' id='word_1_161' title='bbox 1021 3386 1140 3453; x_wconf 81' lang='lat' dir='ltr'><strong>Cassa·</strong></span> 
     </span>
    </p>
   </div>
   <div class='ocr_carea' id='block_1_4' title="bbox 172 3525 1144 3738">
    <p class='ocr_par' dir='ltr' id='par_1_4' title="bbox 172 3525 1144 3738">
     <span class='ocr_line' id='line_1_23' title="bbox 172 3525 1142 3618; baseline -0.016 -14"><span class='ocrx_word' id='word_1_162' title='bbox 172 3529 282 3604; x_wconf 84' lang='lat' dir='ltr'><strong>tionis</strong></span> <span class='ocrx_word' id='word_1_163' title='bbox 306 3530 431 3616; x_wconf 80' lang='lat'>(19),</span> <span class='ocrx_word' id='word_1_164' title='bbox 453 3546 536 3613; x_wconf 81' lang='lat' dir='ltr'><strong>quse</strong></span> <span class='ocrx_word' id='word_1_165' title='bbox 565 3542 624 3599; x_wconf 83' lang='lat' dir='ltr'><strong>art.</strong></span> <span class='ocrx_word' id='word_1_166' title='bbox 641 3545 705 3616; x_wconf 79' lang='lat'><strong>335</strong></span> <span class='ocrx_word' id='word_1_167' title='bbox 725 3546 757 3596; x_wconf 89' lang='lat' dir='ltr'><strong>et</strong></span> <span class='ocrx_word' id='word_1_168' title='bbox 779 3549 854 3618; x_wconf 84' lang='lat'>340.</span> <span class='ocrx_word' id='word_1_169' title='bbox 885 3545 1014 3596; x_wconf 85' lang='lat' dir='ltr'><strong>sensum</strong></span> <span class='ocrx_word' id='word_1_170' title='bbox 1045 3525 1142 3590; x_wconf 84' lang='lat' dir='ltr'><strong>abso·</strong></span> 
     </span>
     <span class='ocr_line' id='line_1_24' title="bbox 1092 3668 1144 3738; baseline 0.058 -3"><span class='ocrx_word' id='word_1_171' title='bbox 1092 3668 1144 3738; x_wconf 87' lang='lat' dir='ltr'><strong>lu·</strong></span> 
     </span>
    </p>
   </div>
   <div class='ocr_carea' id='block_1_5' title="bbox 191 3841 904 4030">
    <p class='ocr_par' dir='ltr' id='par_1_5' title="bbox 191 3841 904 4030">
     <span class='ocr_line' id='line_1_25' title="bbox 191 3841 904 3937; baseline 0 -21"><span class='ocrx_word' id='word_1_172' title='bbox 191 3890 195 3898; x_wconf 70' lang='lat'><em>›</em></span> <span class='ocrx_word' id='word_1_173' title='bbox 219 3848 317 3937; x_wconf 60' lang='lat'><strong>(³19)</strong></span> <span class='ocrx_word' id='word_1_174' title='bbox 345 3854 461 3933; x_wconf 74' lang='lat' dir='ltr'><strong>sirey</strong></span> <span class='ocrx_word' id='word_1_175' title='bbox 483 3859 565 3933; x_wconf 85' lang='lat'>1817.</span> <span class='ocrx_word' id='word_1_176' title='bbox 595 3870 605 3915; x_wconf 94' lang='grc' dir='ltr'>ι</span> <span class='ocrx_word' id='word_1_177' title='bbox 628 3842 723 3933; x_wconf 87' lang='lat' dir='ltr'><strong>partie</strong></span> <span class='ocrx_word' id='word_1_178' title='bbox 747 3869 814 3930; x_wconf 80' lang='lat' dir='ltr'><strong>pag.</strong></span> <span class='ocrx_word' id='word_1_179' title='bbox 836 3841 904 3929; x_wconf 68' lang='lat' dir='ltr'><strong>ton</strong></span> 
     </span>
     <span class='ocr_line' id='line_1_26' title="bbox 739 3959 807 4030; baseline 0.059 -4"><span class='ocrx_word' id='word_1_180' title='bbox 739 3959 764 4026; x_wconf 83' lang='lat' dir='ltr'>F</span> <span class='ocrx_word' id='word_1_181' title='bbox 787 3978 807 4030; x_wconf 70' lang='grc' dir='ltr'>ι</span> 
     </span>
    </p>
   </div>
   <div class='ocr_carea' id='block_1_6' title="bbox 0 0 1336 4776">
    <p class='ocr_par' dir='ltr' id='par_1_6' title="bbox 0 0 1336 4776">
     <span class='ocr_line' id='line_1_27' title="bbox 0 0 1336 4776; baseline 0 4"><span class='ocrx_word' id='word_1_182' title='bbox 0 0 1336 4776; x_wconf 95' lang='lat' dir='ltr'><strong> </strong></span> 
     </span>
    </p>
   </div>
  </div>
 </body>
</html>
