2670 4778
336 369 887 459 rnnuounatrs
1067 389 1087 458 3

142 563 211 631 tes,
235 560 271 614 nt
296 570 427 636 scopum
447 573 645 620 communem
661 546 844 639 attingant,
864 556 907 619 ita
927 555 1031 620 omnia
1047 553 1088 620 ad
1117 598 1121 609 .

141 692 308 773 perniciem
324 696 470 778 ducunt,
486 696 514 761 si
525 696 601 761 fides
614 697 813 780 conjugalis,
828 695 978 763 violetur.
1002 695 1090 778 Ipsis

141 826 334 917 conjugibus
354 837 445 902 etiam
473 837 596 902 exitiale
616 855 708 918 esse,
731 855 823 902 nemo
849 853 917 916 est,
940 837 996 916 qui
1022 854 1090 903 non

141 970 314 1059 fatebitur;
339 996 504 1058 quamnam
527 978 609 1042 enim
637 979 780 1062 injuriam
800 975 935 1059 perferre
956 978 1090 1061 conjugi

139 1112 303 1182 innocenti
326 1117 491 1184 difficilius
502 1134 591 1203 με,
616 1139 709 1200 quam
727 1120 890 1201 persuasio
911 1117 999 1183 illius
1017 1117 1090 1182 fidei

138 1253 295 1338 violatae,
310 1260 364 1324 cui
384 1279 418 1325 se
436 1260 636 1329 matrimonio
645 1263 776 1344 iungere
788 1255 979 1325 consensit?
1001 1258 1087 1325 Hinc

100 1380 103 1385 ⁵
138 1394 289 1482 injuriae,
312 1400 492 1484 molestiae,
516 1401 697 1484 frequentes
712 1417 742 1466 et
764 1402 1008 1472 innumerabiles
1025 1400 1092 1464 dis·

138 1538 286 1623 cordiae,
318 1543 417 1624 prolis
440 1543 631 1610 adulterinae
655 1544 853 1626 periculum,
879 1522 1090 1626 separationis

139 1680 305 1748 desideria.
348 1685 466 1750 Inutile
495 1686 538 1751 sit
565 1688 726 1768 disputare
756 1686 795 1748 de
824 1685 961 1787 damno,
1001 1685 1090 1766 quod

138 1822 212 1888 inde
238 1824 369 1905 liberis,
393 1828 448 1908 qni
467 1827 552 1893 forte
571 1828 731 1907 existant,
753 1827 915 1908 imminet3
942 1826 989 1891 uti
1004 1825 1089 1891 enim

139 1964 317 2030 discordiae
342 1966 424 2031 inter
448 1984 593 2049 parentes
616 1987 740 2050 semper
765 1967 946 2061 educationi
971 1967 1091 2029 libero·

142 2117 211 2165 runt
227 2115 367 2184 nocent,
381 2101 423 2168 ita
436 2117 522 2169 tanta
539 2106 659 2184 laesio,
672 2119 758 2170 tanta
774 2104 911 2190 injuria,
924 2123 986 2186 qua
998 2119 1091 2167 num-

140 2260 233 2322 quam
252 2242 317 2308 fcre
341 2243 432 2308 datur
451 2245 704 2312 reconciliationi
721 2249 833 2328 locus,
851 2245 1031 2311 necessario
1052 2243 1090 2308 li·

138 2384 285 2450 berorum
307 2387 456 2465 perniciei
480 2407 585 2454 ansam
605 2387 745 2471 praebet.
779 2387 930 2454 Extranei
947 2387 1087 2468 crimen,

81 2596 83 2601 .
139 2549 206 2610 quo
225 2529 303 2597 fides
325 2529 501 2613 conjugalis
525 2531 684 2609 violatur,
708 2547 790 2595 recte
814 2546 945 2613 quoque
969 2529 1091 2594 adulte·

137 2670 217 2735 rium
244 2687 398 2755 vocatnr3
421 2673 549 2738 alterius
564 2675 618 2758 jus
638 2690 678 2737 ne
701 2673 857 2750 laedatur,
873 2669 1018 2753 negativa
1040 2683 1091 2734 est

137 2814 314 2896 obligatio,
333 2819 481 2893 adquam
500 2814 617 2880 Ethica
635 2830 696 2879 nos
714 2813 892 2896 adstringit.
920 2812 989 2896 Jam
1002 2813 1090 2878 adest

135 2957 187 3040 jus
207 2960 380 3040 conjugum
402 2954 621 3036 plenissimum
648 2969 678 3018 et
704 2955 927 3033 exclusivum,
947 2953 1036 3034 quod
1051 2952 1091 3018 ad

138 3095 368 3171 concubitum,
397 3098 484 3177 quod
513 3097 620 3182 jussi
648 3096 833 3178 infringitur
859 3096 898 3159 ab
922 3110 1089 3174 extraneo,

137 3235 280 3300 adulterii
307 3238 422 3304 crimen
446 3237 669 3307 committitur.
713 3237 786 3304 Hoc
814 3238 912 3320 igitur
936 3252 972 3302 ut
1000 3253 1089 3300 coer·

137 3393 267 3458 ceatur,
283 3396 350 3453 non
366 3379 498 3445 minoris
509 3378 672 3444 societatis
690 3380 814 3461 civilis,
835 3397 929 3459 quam
945 3379 1089 3459 ipsorum

137 3521 315 3604 conjugum
342 3521 493 3605 interest3
525 3540 635 3589 omnes
661 3523 726 3588 fere
750 3524 864 3605 populi
887 3539 921 3587 ac
943 3531 1089 3602 gentesa

138 3660 267 3734 crimine
282 3664 425 3737 adulterii
433 3661 684 3744 abhorruerunt,
700 3667 862 3746 variisque
876 3663 988 3748 poenis
1002 3679 1091 3735 coer·

643 3810 715 3871 Aa
1012 3822 1091 3870 cuo,
