2662 4776
315 412 321 429 ,
391 378 989 471 rnnnnunnnis'
1089 382 1141 490 n

183 725 337 807 temporis
364 723 570 792 intervallum
596 721 760 804 definivit,
781 741 838 807 per
862 725 951 805 quod
972 723 1048 790 licet·
1076 741 1142 790 ma·

184 868 250 933 rito
272 865 425 932 infantem
456 882 599 934 recusare
628 865 662 931 in
691 865 844 946 casibus,
873 865 941 947 iege
966 861 1143 950 praescrip-

184 1007 253 1088 tis,
274 1007 358 1074 inter
374 1021 471 1089 -quos
495 1025 591 1074 casua
617 1006 711 1072 etiam
741 1020 923 1076 recensetur
953 1002 1140 1110 aduiteriun

186 1150 300 1218 uxoris
339 1167 402 1216 una
433 1166 508 1215 curn
541 1147 674 1216 infantis
707 1148 946 1231 occultanone3
986 1146 1143 1215 secundus

186 1291 323 1357 eamdem
349 1288 532 1355 facultatem
558 1307 632 1356 cum
651 1288 773 1359 tribuat
797 1290 990 1372 heredibus,
1016 1288 1144 1356 nullum

184 1448 293 1496 casum
309 1429 457 1513 ›excipit3
475 1443 579 1512 neque
600 1433 747 1515 exceptio
763 1446 814 1499 est
831 1430 1048 1512 admittenda,
1063 1435 1144 1511 quse

179 1584 329 1640 nonest
353 1571 389 1635 in
405 1573 486 1654 lege.
529 1571 679 1654 Denique
700 1572 775 1639 buic
800 1575 889 1659 §pho
915 1575 1011 1642 nobis
1030 1572 1145 1639 adderi-

186 1715 261 1779 dum
289 1711 436 1792 videtur,
457 1731 582 1780 ornnem
604 1715 784 1798 actionem,
809 1716 878 1785 sive
902 1735 921 1782 s
941 1716 1078 1795 merito,
1098 1711 1145 1779 si·

177 1872 225 1919 ne
249 1854 288 1920 ab
313 1854 483 1919 heredibus
511 1854 739 1924 instituendam
763 1877 835 1925 esse
860 1872 972 1926 contra
1001 1862 1142 1923 turoicrn

184 1994 233 2060 ad
246 1997 302 2062 hoc
316 2040 329 2077 ,
343 1996 409 2077 ,qui
435 1994 552 2063 infanti
576 1999 694 2082 datur,
716 2012 755 2064 ut
781 2016 831 2065 res
855 2001 925 2086 ejus
951 2013 1047 2083 agit,
1068 1999 1144 2081 qui·

184 2154 249 2219 que
273 2154 372 2204 matre
393 2151 581 2219 praesente,
602 2136 717 2205 infanti
745 2141 930 2225 adjungitur
950 2141 1039 2229 (8).
1081 2144 1138 2209 ln·

182 2277 258 2346 fans
282 2299 343 2362 pro
371 2279 514 2364 legitimo
539 2278 692 2362 habetur,
715 2282 868 2363 quamdiu
888 2283 1043 2368 probetur
1061 2298 1142 2350 cou-
1272 2325 1278 2337 ·

185 2421 312 2493 crarium
326 2443 341 2505 ;-
363 2420 471 2505 reguis
493 2419 576 2485 enim
595 2433 787 2509 paterere,
810 2374 903 2512 quens
930 2428 1064 2513 nuptiae
1088 2421 1145 2489 de·

188 2575 395 2644 monstrant,
425 2562 459 2626 in
484 2562 554 2645 ejus
585 2560 727 2629 favorem
753 2564 894 2646 rnilitat,
916 2567 1000 2632 unde
1021 2565 1145 2631 eiicere

140 2783 145 2792 Ι
186 2703 288 2783 iicet,
310 2705 340 2767 si
370 2702 455 2768 acrio
485 2704 700 2770 recusationis
726 2704 767 2771 ab
793 2698 1028 2773 heredibus'sit
1050 2704 1147 2772 iristi-

178 2855 275 2924 auta,
297 2841 477 2924 infantem,
501 2844 557 2908 lite
583 2846 762 2930 pendente,
792 2846 831 2915 iu.
846 2849 1052 2932 possessione
1071 2857 1147 2912 suc·

184 2985 341 3052 cessionis
371 3002 506 3055 manere.

219 3219 298 3302 (a)
316 3224 388 3287 An.
407 3227 439 3288 c.
458 3224 491 3288 c.
508 3191 576 3301 rra
