<?xml version="1.0" encoding="UTF-8"?>
<!DOCTYPE html PUBLIC "-//W3C//DTD XHTML 1.0 Transitional//EN"
    "http://www.w3.org/TR/xhtml1/DTD/xhtml1-transitional.dtd">
<html xmlns="http://www.w3.org/1999/xhtml" xml:lang="en" lang="en">
 <head>
  <title>
</title>
<meta http-equiv="Content-Type" content="text/html;charset=utf-8" />
  <meta name='ocr-system' content='tesseract 3.04.00' />
  <meta name='ocr-capabilities' content='ocr_page ocr_carea ocr_par ocr_line ocrx_word'/>
</head>
<body>
  <div class='ocr_page' id='page_1' title='image "./deadulteriosecu00weldgoog_0031.png"; bbox 0 0 2662 4776; ppageno 0'>
   <div class='ocr_carea' id='block_1_1' title="bbox 207 335 1028 441">
    <p class='ocr_par' dir='ltr' id='par_1_1' title="bbox 207 335 1028 441">
     <span class='ocr_line' id='line_1_1' title="bbox 207 335 1028 441; baseline -0.004 -28"><span class='ocrx_word' id='word_1_1' title='bbox 207 335 1028 441; x_wconf 58' lang='lat' dir='ltr'><strong>smmmfflwwmr</strong></span> 
     </span>
    </p>
   </div>
   <div class='ocr_carea' id='block_1_2' title="bbox 194 523 1172 2031">
    <p class='ocr_par' dir='ltr' id='par_1_2' title="bbox 194 523 1167 1324">
     <span class='ocr_line' id='line_1_2' title="bbox 214 523 1163 612; baseline 0.001 -16"><span class='ocrx_word' id='word_1_2' title='bbox 214 528 312 596; x_wconf 70' lang='lat' dir='ltr'><strong>laesio</strong></span> <span class='ocrx_word' id='word_1_3' title='bbox 338 527 437 612; x_wconf 83' lang='lat' dir='ltr'><strong>hujus</strong></span> <span class='ocrx_word' id='word_1_4' title='bbox 457 524 539 611; x_wconf 84' lang='lat' dir='ltr'><strong>juris</strong></span> <span class='ocrx_word' id='word_1_5' title='bbox 570 523 760 607; x_wconf 87' lang='lat' dir='ltr'><strong>eminentis,</strong></span> <span class='ocrx_word' id='word_1_6' title='bbox 784 544 879 608; x_wconf 77' lang='lat' dir='ltr'><strong>quem</strong></span> <span class='ocrx_word' id='word_1_7' title='bbox 903 529 948 596; x_wconf 86' lang='lat' dir='ltr'><strong>sit</strong></span> <span class='ocrx_word' id='word_1_8' title='bbox 974 530 1163 598; x_wconf 73' lang='lat' dir='ltr'>adulterium</span> 
     </span>
     <span class='ocr_line' id='line_1_3' title="bbox 206 662 1165 755; baseline -0.001 -17"><span class='ocrx_word' id='word_1_9' title='bbox 206 665 349 751; x_wconf 85' lang='lat' dir='ltr'><strong>uxoris,</strong></span> <span class='ocrx_word' id='word_1_10' title='bbox 377 684 441 735; x_wconf 78' lang='lat' dir='ltr'><strong>tum</strong></span> <span class='ocrx_word' id='word_1_11' title='bbox 471 684 578 733; x_wconf 86' lang='lat' dir='ltr'><strong>severe</strong></span> <span class='ocrx_word' id='word_1_12' title='bbox 609 662 823 750; x_wconf 80' lang='lat' dir='ltr'><strong>puniebaturt</strong></span> <span class='ocrx_word' id='word_1_13' title='bbox 855 671 1041 737; x_wconf 69' lang='lat' dir='ltr'><strong>multerium</strong></span> <span class='ocrx_word' id='word_1_14' title='bbox 1064 673 1165 755; x_wconf 87' lang='lat' dir='ltr'><strong>igitur</strong></span> 
     </span>
     <span class='ocr_line' id='line_1_4' title="bbox 211 805 1167 896; baseline -0.009 -17"><span class='ocrx_word' id='word_1_15' title='bbox 211 813 337 896; x_wconf 82' lang='lat' dir='ltr'>Regum</span> <span class='ocrx_word' id='word_1_16' title='bbox 359 823 391 875; x_wconf 90' lang='lat' dir='ltr'><strong>et</strong></span> <span class='ocrx_word' id='word_1_17' title='bbox 412 805 620 890; x_wconf 72' lang='lat' dir='ltr'><strong>Reipublicae</strong></span> <span class='ocrx_word' id='word_1_18' title='bbox 639 808 753 874; x_wconf 84' lang='lat' dir='ltr'>liberae</span> <span class='ocrx_word' id='word_1_19' title='bbox 774 811 998 896; x_wconf 83' lang='lat' dir='ltr'><strong>temporibus,</strong></span> <span class='ocrx_word' id='word_1_20' title='bbox 1015 826 1080 881; x_wconf 84' lang='lat' dir='ltr'><strong>erat</strong></span> <span class='ocrx_word' id='word_1_21' title='bbox 1095 813 1167 878; x_wconf 80' lang='lat' dir='ltr'><strong>vio.</strong></span> 
     </span>
     <span class='ocr_line' id='line_1_5' title="bbox 213 948 1165 1062; baseline -0.009 -36"><span class='ocrx_word' id='word_1_22' title='bbox 213 957 292 1026; x_wconf 77' lang='lat' dir='ltr'><strong>letio</strong></span> <span class='ocrx_word' id='word_1_23' title='bbox 318 954 399 1040; x_wconf 84' lang='lat' dir='ltr'><strong>juris</strong></span> <span class='ocrx_word' id='word_1_24' title='bbox 430 948 608 1033; x_wconf 82' lang='lat' dir='ltr'><strong>exclusivi,</strong></span> <span class='ocrx_word' id='word_1_25' title='bbox 642 949 735 1062; x_wconf 78' lang='lat' dir='ltr'><strong>quorl</strong></span> <span class='ocrx_word' id='word_1_26' title='bbox 760 950 890 1020; x_wconf 83' lang='lat' dir='ltr'><strong>maritus</strong></span> <span class='ocrx_word' id='word_1_27' title='bbox 919 955 1035 1039; x_wconf 84' lang='lat' dir='ltr'><strong>habet,</strong></span> <span class='ocrx_word' id='word_1_28' title='bbox 1074 953 1165 1036; x_wconf 85' lang='lat' dir='ltr'><strong>quod</strong></span> 
     </span>
     <span class='ocr_line' id='line_1_6' title="bbox 194 1070 1166 1177; baseline -0.003 -10"><span class='ocrx_word' id='word_1_29' title='bbox 194 1101 253 1168; x_wconf 67' lang='lat' dir='ltr'><strong>vsd</strong></span> <span class='ocrx_word' id='word_1_30' title='bbox 279 1093 516 1174; x_wconf 85' lang='lat' dir='ltr'><strong>concubitum,</strong></span> <span class='ocrx_word' id='word_1_31' title='bbox 546 1094 735 1172; x_wconf 91' lang='lat' dir='ltr'><strong>incorpore</strong></span> <span class='ocrx_word' id='word_1_32' title='bbox 764 1070 897 1177; x_wconf 84' lang='lat' dir='ltr'><strong>uxoris,</strong></span> <span class='ocrx_word' id='word_1_33' title='bbox 920 1111 1030 1165; x_wconf 90' lang='lat' dir='ltr'><strong>-est</strong></span> <span class='ocrx_word' id='word_1_34' title='bbox 1057 1099 1166 1167; x_wconf 84' lang='lat' dir='ltr'><strong>coitus</strong></span> 
     </span>
     <span class='ocr_line' id='line_1_7' title="bbox 212 1232 861 1324; baseline -0.003 -21"><span class='ocrx_word' id='word_1_35' title='bbox 212 1254 332 1324; x_wconf 79' lang='lat' dir='ltr'><strong>nuptae</strong></span> <span class='ocrx_word' id='word_1_36' title='bbox 353 1233 496 1300; x_wconf 88' lang='lat' dir='ltr'><strong>mulieris</strong></span> <span class='ocrx_word' id='word_1_37' title='bbox 518 1251 591 1298; x_wconf 90' lang='lat' dir='ltr'><strong>cum</strong></span> <span class='ocrx_word' id='word_1_38' title='bbox 608 1232 680 1300; x_wconf 86' lang='lat' dir='ltr'><strong>viro</strong></span> <span class='ocrx_word' id='word_1_39' title='bbox 702 1246 861 1306; x_wconf 83' lang='lat' dir='ltr'><strong>extraneo.</strong></span> 
     </span>
    </p>

    <p class='ocr_par' dir='ltr' id='par_1_3' title="bbox 214 1374 1172 2031">
     <span class='ocr_line' id='line_1_8' title="bbox 260 1374 1170 1462; baseline -0.01 -14"><span class='ocrx_word' id='word_1_40' title='bbox 260 1377 446 1460; x_wconf 88' lang='lat' dir='ltr'><strong>Romulus,</strong></span> <span class='ocrx_word' id='word_1_41' title='bbox 468 1391 505 1441; x_wconf 93' lang='lat' dir='ltr'><strong>ut</strong></span> <span class='ocrx_word' id='word_1_42' title='bbox 529 1374 618 1457; x_wconf 82' lang='lat' dir='ltr'><strong>dixi,</strong></span> <span class='ocrx_word' id='word_1_43' title='bbox 642 1375 766 1455; x_wconf 87' lang='lat' dir='ltr'><strong>primus</strong></span> <span class='ocrx_word' id='word_1_44' title='bbox 793 1376 891 1460; x_wconf 84' lang='lat' dir='ltr'><strong>legem</strong></span> <span class='ocrx_word' id='word_1_45' title='bbox 912 1380 1085 1462; x_wconf 88' lang='lat' dir='ltr'><strong>proposuit</strong></span> <span class='ocrx_word' id='word_1_46' title='bbox 1107 1379 1170 1445; x_wconf 91' lang='lat' dir='ltr'><strong>hu.</strong></span> 
     </span>
     <span class='ocr_line' id='line_1_9' title="bbox 214 1515 1172 1626; baseline -0.01 -34"><span class='ocrx_word' id='word_1_47' title='bbox 214 1530 267 1614; x_wconf 79' lang='lat' dir='ltr'><strong>jus</strong></span> <span class='ocrx_word' id='word_1_48' title='bbox 293 1518 434 1625; x_wconf 76' lang='lat' dir='ltr'><strong>criminis</strong></span> <span class='ocrx_word' id='word_1_49' title='bbox 457 1515 621 1584; x_wconf 87' lang='lat' dir='ltr'><strong>coercendi</strong></span> <span class='ocrx_word' id='word_1_50' title='bbox 645 1516 761 1626; x_wconf 10' lang='lat' dir='ltr'><strong>*gratis</strong></span> <span class='ocrx_word' id='word_1_51' title='bbox 809 1519 945 1604; x_wconf 87' lang='lat' dir='ltr'><strong>Videtur</strong></span> <span class='ocrx_word' id='word_1_52' title='bbox 965 1523 1042 1586; x_wconf 90' lang='lat' dir='ltr'><strong>huic</strong></span> <span class='ocrx_word' id='word_1_53' title='bbox 1062 1539 1172 1603; x_wconf 87' lang='lat' dir='ltr'><strong>potes.</strong></span> 
     </span>
     <span class='ocr_line' id='line_1_10' title="bbox 217 1659 1170 1743; baseline -0.002 -11"><span class='ocrx_word' id='word_1_54' title='bbox 217 1667 276 1739; x_wconf 76' lang='lat' dir='ltr'><strong>tuti</strong></span> <span class='ocrx_word' id='word_1_55' title='bbox 291 1659 503 1740; x_wconf 86' lang='lat' dir='ltr'><strong>domesticae,</strong></span> <span class='ocrx_word' id='word_1_56' title='bbox 520 1660 676 1743; x_wconf 82' lang='lat' dir='ltr'><strong>quaejam</strong></span> <span class='ocrx_word' id='word_1_57' title='bbox 695 1677 733 1725; x_wconf 83' lang='lat' dir='ltr'><strong>ex</strong></span> <span class='ocrx_word' id='word_1_58' title='bbox 754 1661 897 1727; x_wconf 88' lang='lat' dir='ltr'><strong>moribus</strong></span> <span class='ocrx_word' id='word_1_59' title='bbox 914 1659 1040 1728; x_wconf 78' lang='lat' dir='ltr'><strong>Latinis</strong></span> <span class='ocrx_word' id='word_1_60' title='bbox 1053 1677 1104 1730; x_wconf 87' lang='lat' dir='ltr'><strong>est</strong></span> <span class='ocrx_word' id='word_1_61' title='bbox 1122 1683 1170 1730; x_wconf 89' lang='lat' dir='ltr'><strong>re·</strong></span> 
     </span>
     <span class='ocr_line' id='line_1_11' title="bbox 216 1797 1172 1896; baseline -0.002 -23"><span class='ocrx_word' id='word_1_62' title='bbox 216 1806 371 1896; x_wconf 78' lang='lat' dir='ltr'><strong>peteuda,</strong></span> <span class='ocrx_word' id='word_1_63' title='bbox 393 1799 537 1882; x_wconf 80' lang='lat' dir='ltr'><strong>inprimis</strong></span> <span class='ocrx_word' id='word_1_64' title='bbox 563 1797 704 1884; x_wconf 83' lang='lat' dir='ltr'><strong>favisse,</strong></span> <span class='ocrx_word' id='word_1_65' title='bbox 741 1802 831 1885; x_wconf 90' lang='lat' dir='ltr'><strong>quod</strong></span> <span class='ocrx_word' id='word_1_66' title='bbox 852 1803 967 1870; x_wconf 85' lang='lat' dir='ltr'><strong>marito</strong></span> <span class='ocrx_word' id='word_1_67' title='bbox 993 1804 1172 1885; x_wconf 87' lang='lat' dir='ltr'><strong>permiserit</strong></span> 
     </span>
     <span class='ocr_line' id='line_1_12' title="bbox 217 1942 1169 2031; baseline -0.004 -20"><span class='ocrx_word' id='word_1_68' title='bbox 217 1965 281 2019; x_wconf 75' lang='lat' dir='ltr'><strong>um</strong></span> <span class='ocrx_word' id='word_1_69' title='bbox 306 1944 442 2031; x_wconf 80' lang='lat' dir='ltr'><strong>graviter</strong></span> <span class='ocrx_word' id='word_1_70' title='bbox 468 1945 502 2007; x_wconf 93' lang='lat' dir='ltr'><strong>lu</strong></span> <span class='ocrx_word' id='word_1_71' title='bbox 525 1959 640 2009; x_wconf 87' lang='lat' dir='ltr'><strong>uxores</strong></span> <span class='ocrx_word' id='word_1_72' title='bbox 662 1942 818 2010; x_wconf 81' lang='lat' dir='ltr'><strong>adulteras</strong></span> <span class='ocrx_word' id='word_1_73' title='bbox 839 1945 1104 2026; x_wconf 80' lang='lat' dir='ltr'><strong>animadvertere,</strong></span> <span class='ocrx_word' id='word_1_74' title='bbox 1132 1960 1169 2018; x_wconf 87' lang='lat' dir='ltr'><strong>ut</strong></span> 
     </span>
    </p>
   </div>
   <div class='ocr_carea' id='block_1_3' title="bbox 121 2083 647 2167">
    <p class='ocr_par' dir='ltr' id='par_1_4' title="bbox 121 2083 647 2167">
     <span class='ocr_line' id='line_1_13' title="bbox 121 2083 647 2167; baseline -0.025 -6"><span class='ocrx_word' id='word_1_75' title='bbox 121 2114 123 2118; x_wconf 51' lang='lat'><strong><em>⁴</em></strong></span> <span class='ocrx_word' id='word_1_76' title='bbox 217 2112 270 2161; x_wconf 74' lang='lat' dir='ltr'><strong>ess</strong></span> <span class='ocrx_word' id='word_1_77' title='bbox 291 2086 434 2156; x_wconf 89' lang='lat' dir='ltr'><strong>occidere</strong></span> <span class='ocrx_word' id='word_1_78' title='bbox 460 2083 647 2167; x_wconf 79' lang='lat' dir='ltr'><strong>permiserit.</strong></span> 
     </span>
    </p>
   </div>
   <div class='ocr_carea' id='block_1_4' title="bbox 218 2222 1201 2736">
    <p class='ocr_par' dir='ltr' id='par_1_5' title="bbox 218 2222 1201 2736">
     <span class='ocr_line' id='line_1_14' title="bbox 259 2222 1178 2310; baseline 0.01 -24"><span class='ocrx_word' id='word_1_79' title='bbox 259 2230 334 2302; x_wconf 80' lang='lat' dir='ltr'><strong>Hoc</strong></span> <span class='ocrx_word' id='word_1_80' title='bbox 349 2226 406 2310; x_wconf 85' lang='lat' dir='ltr'><strong>jus</strong></span> <span class='ocrx_word' id='word_1_81' title='bbox 422 2222 468 2290; x_wconf 76' lang='lat' dir='ltr'><strong>its</strong></span> <span class='ocrx_word' id='word_1_82' title='bbox 488 2222 617 2288; x_wconf 85' lang='lat' dir='ltr'><strong>stetisse</strong></span> <span class='ocrx_word' id='word_1_83' title='bbox 632 2223 757 2288; x_wconf 86' lang='lat' dir='ltr'><strong>videtur</strong></span> <span class='ocrx_word' id='word_1_84' title='bbox 776 2243 832 2307; x_wconf 89' lang='lat' dir='ltr'><strong>per</strong></span> <span class='ocrx_word' id='word_1_85' title='bbox 852 2244 946 2293; x_wconf 88' lang='lat' dir='ltr'><strong>omne</strong></span> <span class='ocrx_word' id='word_1_86' title='bbox 966 2239 1095 2310; x_wconf 89' lang='lat' dir='ltr'><strong>tempus</strong></span> <span class='ocrx_word' id='word_1_87' title='bbox 1112 2247 1178 2310; x_wconf 91' lang='lat' dir='ltr'><strong>quo</strong></span> 
     </span>
     <span class='ocr_line' id='line_1_15' title="bbox 220 2362 1201 2454; baseline -0.001 -16"><span class='ocrx_word' id='word_1_88' title='bbox 220 2371 319 2440; x_wconf 80' lang='lat' dir='ltr'><strong>libers</strong></span> <span class='ocrx_word' id='word_1_89' title='bbox 343 2363 504 2451; x_wconf 77' lang='lat' dir='ltr'><strong>republica</strong></span> <span class='ocrx_word' id='word_1_90' title='bbox 530 2362 707 2446; x_wconf 83' lang='lat' dir='ltr'><strong>gaudebuut</strong></span> <span class='ocrx_word' id='word_1_91' title='bbox 733 2364 887 2439; x_wconf 84' lang='lat' dir='ltr'><strong>Romani.</strong></span> <span class='ocrx_word' id='word_1_92' title='bbox 939 2369 1071 2436; x_wconf 81' lang='lat' dir='ltr'><strong>Exactis</strong></span> <span class='ocrx_word' id='word_1_93' title='bbox 1097 2374 1201 2454; x_wconf 83' lang='lat' dir='ltr'><strong>regi·-</strong></span> 
     </span>
     <span class='ocr_line' id='line_1_16' title="bbox 218 2504 1176 2595; baseline 0 -16"><span class='ocrx_word' id='word_1_94' title='bbox 218 2517 307 2594; x_wconf 80' lang='lat' dir='ltr'><strong>bus,</strong></span> <span class='ocrx_word' id='word_1_95' title='bbox 323 2510 374 2574; x_wconf 83' lang='lat' dir='ltr'><strong>lex</strong></span> <span class='ocrx_word' id='word_1_96' title='bbox 393 2504 550 2586; x_wconf 84' lang='lat' dir='ltr'><strong>Romuli,</strong></span> <span class='ocrx_word' id='word_1_97' title='bbox 572 2517 705 2573; x_wconf 77' lang='lat' dir='ltr'><strong>testante</strong></span> <span class='ocrx_word' id='word_1_98' title='bbox 728 2508 829 2579; x_wconf 86' lang='lat' dir='ltr'><strong>Dion.</strong></span> <span class='ocrx_word' id='word_1_99' title='bbox 850 2509 956 2578; x_wconf 82' lang='lat' dir='ltr'><strong>Halic.</strong></span> <span class='ocrx_word' id='word_1_100' title='bbox 980 2510 1176 2595; x_wconf 88' lang='lat' dir='ltr'><strong>legibulel</strong></span> 
     </span>
     <span class='ocr_line' id='line_1_17' title="bbox 219 2649 1181 2736; baseline -0.001 -16"><span class='ocrx_word' id='word_1_101' title='bbox 219 2657 287 2722; x_wconf 78' lang='lat' dir='ltr'><strong>tob.</strong></span> <span class='ocrx_word' id='word_1_102' title='bbox 307 2649 371 2717; x_wconf 83' lang='lat' dir='ltr'><strong>luit</strong></span> <span class='ocrx_word' id='word_1_103' title='bbox 391 2649 506 2714; x_wconf 84' lang='lat' dir='ltr'><strong>inserta</strong></span> <span class='ocrx_word' id='word_1_104' title='bbox 517 2689 531 2726; x_wconf 88' lang='lat'><strong>,</strong></span> <span class='ocrx_word' id='word_1_105' title='bbox 551 2662 625 2711; x_wconf 90' lang='lat' dir='ltr'><strong>cum</strong></span> <span class='ocrx_word' id='word_1_106' title='bbox 644 2650 812 2732; x_wconf 85' lang='lat' dir='ltr'><strong>pleraeque</strong></span> <span class='ocrx_word' id='word_1_107' title='bbox 828 2653 913 2736; x_wconf 86' lang='lat' dir='ltr'><strong>leges</strong></span> <span class='ocrx_word' id='word_1_108' title='bbox 933 2653 1034 2736; x_wconf 77' lang='lat' dir='ltr'><strong>regiae</strong></span> <span class='ocrx_word' id='word_1_109' title='bbox 1053 2654 1105 2720; x_wconf 91' lang='lat' dir='ltr'><strong>his</strong></span> <span class='ocrx_word' id='word_1_110' title='bbox 1125 2655 1181 2719; x_wconf 85' lang='lat' dir='ltr'><strong>ad·</strong></span> 
     </span>
    </p>
   </div>
   <div class='ocr_carea' id='block_1_5' title="bbox 220 2771 1177 2878">
    <p class='ocr_par' dir='ltr' id='par_1_6' title="bbox 220 2771 1177 2878">
     <span class='ocr_line' id='line_1_18' title="bbox 220 2771 1177 2878; baseline -0.001 -17"><span class='ocrx_word' id='word_1_111' title='bbox 220 2771 1177 2878; x_wconf 42' lang='lat' dir='ltr'><strong>mmmmmmmmww</strong></span> 
     </span>
    </p>
   </div>
   <div class='ocr_carea' id='block_1_6' title="bbox 220 2931 1195 3714">
    <p class='ocr_par' dir='ltr' id='par_1_7' title="bbox 220 2931 1195 3582">
     <span class='ocr_line' id='line_1_19' title="bbox 220 2931 1180 3016; baseline 0.001 -14"><span class='ocrx_word' id='word_1_112' title='bbox 220 2934 376 3005; x_wconf 71' lang='lat' dir='ltr'><strong>adulterio</strong></span> <span class='ocrx_word' id='word_1_113' title='bbox 393 2933 473 3002; x_wconf 81' lang='lat' dir='ltr'><strong>lutee</strong></span> <span class='ocrx_word' id='word_1_114' title='bbox 490 2931 659 3016; x_wconf 86' lang='lat' dir='ltr'><strong>videntur,</strong></span> <span class='ocrx_word' id='word_1_115' title='bbox 676 2934 788 2999; x_wconf 86' lang='lat' dir='ltr'><strong>saltem</strong></span> <span class='ocrx_word' id='word_1_116' title='bbox 806 2933 844 3000; x_wconf 86' lang='lat' dir='ltr'><strong>de</strong></span> <span class='ocrx_word' id='word_1_117' title='bbox 863 2935 903 3001; x_wconf 88' lang='lat' dir='ltr'><strong>iis</strong></span> <span class='ocrx_word' id='word_1_118' title='bbox 920 2952 986 3001; x_wconf 88' lang='lat' dir='ltr'><strong>uon</strong></span> <span class='ocrx_word' id='word_1_119' title='bbox 1002 2947 1088 3003; x_wconf 88' lang='lat' dir='ltr'><strong>certe</strong></span> <span class='ocrx_word' id='word_1_120' title='bbox 1100 2954 1180 3002; x_wconf 88' lang='lat' dir='ltr'><strong>cou-</strong></span> 
     </span>
     <span class='ocr_line' id='line_1_20' title="bbox 223 3069 1179 3160; baseline 0.002 -20"><span class='ocrx_word' id='word_1_121' title='bbox 223 3087 288 3141; x_wconf 83' lang='lat' dir='ltr'><strong>stst</strong></span> <span class='ocrx_word' id='word_1_122' title='bbox 307 3074 399 3160; x_wconf 83' lang='lat'><strong>(3).</strong></span> <span class='ocrx_word' id='word_1_123' title='bbox 443 3069 518 3138; x_wconf 84' lang='lat' dir='ltr'><strong>Fuit</strong></span> <span class='ocrx_word' id='word_1_124' title='bbox 536 3071 634 3158; x_wconf 81' lang='lat' dir='ltr'><strong>igitur</strong></span> <span class='ocrx_word' id='word_1_125' title='bbox 651 3074 812 3156; x_wconf 90' lang='lat' dir='ltr'><strong>prioribus</strong></span> <span class='ocrx_word' id='word_1_126' title='bbox 833 3074 1031 3159; x_wconf 86' lang='lat' dir='ltr'><strong>temporibus</strong></span> <span class='ocrx_word' id='word_1_127' title='bbox 1055 3076 1179 3142; x_wconf 83' lang='lat' dir='ltr'><strong>adulte·</strong></span> 
     </span>
     <span class='ocr_line' id='line_1_21' title="bbox 223 3184 1180 3298; baseline 0 -17"><span class='ocrx_word' id='word_1_128' title='bbox 223 3214 306 3282; x_wconf 84' lang='lat' dir='ltr'><strong>rium</strong></span> <span class='ocrx_word' id='word_1_129' title='bbox 328 3233 346 3280; x_wconf 81' lang='lat' dir='ltr'>a</span> <span class='ocrx_word' id='word_1_130' title='bbox 368 3212 490 3280; x_wconf 87' lang='lat' dir='ltr'><strong>maritis</strong></span> <span class='ocrx_word' id='word_1_131' title='bbox 516 3229 547 3279; x_wconf 91' lang='lat' dir='ltr'><strong>et</strong></span> <span class='ocrx_word' id='word_1_132' title='bbox 569 3216 714 3298; x_wconf 76' lang='lat' dir='ltr'><strong>cognitis</strong></span> <span class='ocrx_word' id='word_1_133' title='bbox 743 3214 870 3296; x_wconf 81' lang='lat' dir='ltr'><strong>privato</strong></span> <span class='ocrx_word' id='word_1_134' title='bbox 891 3184 1032 3283; x_wconf 87' lang='lat' dir='ltr'><strong>concilio</strong></span> <span class='ocrx_word' id='word_1_135' title='bbox 1057 3218 1180 3285; x_wconf 88' lang='lat' dir='ltr'><strong>coerci-</strong></span> 
     </span>
     <span class='ocr_line' id='line_1_22' title="bbox 225 3354 1195 3444; baseline 0.008 -24"><span class='ocrx_word' id='word_1_136' title='bbox 225 3368 317 3437; x_wconf 89' lang='lat' dir='ltr'><strong>tum,</strong></span> <span class='ocrx_word' id='word_1_137' title='bbox 345 3367 442 3436; x_wconf 78' lang='lat' dir='ltr'><strong>utque</strong></span> <span class='ocrx_word' id='word_1_138' title='bbox 465 3354 509 3421; x_wconf 81' lang='lat' dir='ltr'><strong>itt</strong></span> <span class='ocrx_word' id='word_1_139' title='bbox 529 3356 711 3424; x_wconf 85' lang='lat' dir='ltr'><strong>obtinuisse</strong></span> <span class='ocrx_word' id='word_1_140' title='bbox 734 3360 897 3439; x_wconf 80' lang='lat' dir='ltr'><strong>usquead</strong></span> <span class='ocrx_word' id='word_1_141' title='bbox 919 3358 1016 3441; x_wconf 78' lang='lat' dir='ltr'><strong>legem</strong></span> <span class='ocrx_word' id='word_1_142' title='bbox 1032 3357 1195 3444; x_wconf 86' lang='lat' dir='ltr'><strong>Juliam,·</strong></span> 
     </span>
     <span class='ocr_line' id='line_1_23' title="bbox 228 3486 1181 3582; baseline 0.004 -20"><span class='ocrx_word' id='word_1_143' title='bbox 228 3511 295 3582; x_wconf 84' lang='lat' dir='ltr'><strong>quo</strong></span> <span class='ocrx_word' id='word_1_144' title='bbox 310 3510 451 3577; x_wconf 89' lang='lat' dir='ltr'><strong>tempore</strong></span> <span class='ocrx_word' id='word_1_145' title='bbox 468 3513 531 3561; x_wconf 89' lang='lat' dir='ltr'><strong>una</strong></span> <span class='ocrx_word' id='word_1_146' title='bbox 548 3515 623 3562; x_wconf 88' lang='lat' dir='ltr'><strong>cum</strong></span> <span class='ocrx_word' id='word_1_147' title='bbox 639 3496 818 3581; x_wconf 88' lang='lat' dir='ltr'><strong>Republica</strong></span> <span class='ocrx_word' id='word_1_148' title='bbox 834 3502 952 3580; x_wconf 84' lang='lat' dir='ltr'><strong>libera,</strong></span> <span class='ocrx_word' id='word_1_149' title='bbox 967 3486 1181 3566; x_wconf 68' lang='lat' dir='ltr'><strong>domesticbur</strong></span> 
     </span>
    </p>

    <p class='ocr_par' dir='ltr' id='par_1_8' title="bbox 1126 3661 1188 3714">
     <span class='ocr_line' id='line_1_24' title="bbox 1126 3661 1188 3714; baseline -0.081 0"><span class='ocrx_word' id='word_1_150' title='bbox 1126 3661 1188 3714; x_wconf 84' lang='lat' dir='ltr'><strong>llll·</strong></span> 
     </span>
    </p>
   </div>
   <div class='ocr_carea' id='block_1_7' title="bbox 268 3804 738 3895">
    <p class='ocr_par' dir='ltr' id='par_1_9' title="bbox 268 3804 738 3895">
     <span class='ocr_line' id='line_1_25' title="bbox 268 3804 738 3895; baseline -0.013 -9"><span class='ocrx_word' id='word_1_151' title='bbox 268 3804 346 3895; x_wconf 77' lang='lat' dir='ltr'><strong>(s)</strong></span> <span class='ocrx_word' id='word_1_152' title='bbox 375 3815 443 3880; x_wconf 84' lang='lat' dir='ltr'><strong>Ltv.</strong></span> <span class='ocrx_word' id='word_1_153' title='bbox 470 3818 522 3880; x_wconf 72' lang='lat' dir='ltr'><strong>lib.</strong></span> <span class='ocrx_word' id='word_1_154' title='bbox 541 3832 588 3881; x_wconf 88' lang='grc' dir='ltr'><strong>ιο.</strong></span> <span class='ocrx_word' id='word_1_155' title='bbox 613 3835 638 3880; x_wconf 87' lang='lat' dir='ltr'><strong>c.</strong></span> <span class='ocrx_word' id='word_1_156' title='bbox 651 3831 700 3894; x_wconf 78' lang='lat'><strong>³1·</strong></span> <span class='ocrx_word' id='word_1_157' title='bbox 735 3840 738 3847; x_wconf 96' lang='lat'>·</span> 
     </span>
    </p>
   </div>
   <div class='ocr_carea' id='block_1_8' title="bbox 0 0 1356 4776">
    <p class='ocr_par' dir='ltr' id='par_1_10' title="bbox 0 0 1356 4776">
     <span class='ocr_line' id='line_1_26' title="bbox 0 0 1356 4776; baseline 0 0"><span class='ocrx_word' id='word_1_158' title='bbox 0 0 1356 4776; x_wconf 95' lang='lat' dir='ltr'><strong> </strong></span> 
     </span>
    </p>
   </div>
  </div>
 </body>
</html>
