2662 4776
187 411 232 481 m
332 387 705 471 nmenuuumo
743 387 1010 478 Jnn1nucu

359 1099 969 1177 CONCLUSIO.

231 1413 282 1479 lta
306 1408 345 1474 ad
369 1411 461 1477 finem
483 1406 711 1489 perduximus,
733 1427 812 1493 quae
838 1413 876 1477 de
904 1409 1074 1483 Adulterio
1093 1429 1144 1479 ae·

186 1554 327 1623 cundum
364 1548 452 1639 Juria
489 1544 608 1612 Gallici
650 1547 807 1631 principia
846 1568 1001 1632 exponere
1044 1554 1141 1621 nobia
1171 1567 1174 1572 ·

188 1696 254 1762 fuit
280 1691 508 1779 propositum,
530 1704 611 1770 quae
632 1688 744 1771 paucis
765 1687 870 1780 uerbis
892 1690 986 1759 liceat
1015 1711 1143 1763 contra·

187 1842 273 1906 here.

231 1975 332 2045 Effici
357 1972 457 2058 igitur
483 1984 591 2056 potest
611 1991 649 2046 ex
666 1972 730 2056 iia,
754 1991 833 2056 quae
855 1975 940 2042 dieta
960 1989 1060 2063 aunt,
1078 1977 1139 2066 Jue

190 2119 354 2188 Gallicum
380 2133 446 2183 nou
463 2113 527 2181 nisi
551 2115 661 2182 uxoria
683 2114 840 2194 ‚delictum
863 2134 1029 2201 coercere,
1048 2121 1142 2188 nullo

189 2281 267 2335 cero
283 2258 379 2326 modo
399 2255 434 2329 in
454 2257 557 2323 mariti
574 2255 761 2324 adulterium
778 2228 1022 2327 animadvertere
1036 2279 1048 2342 ς
1064 2281 1141 2328 cau·

190 2426 226 2474 aa
244 2414 315 2480 eat,
338 2415 435 2480 quare
454 2414 536 2462 uxor
554 2410 668 2463 contra
690 2402 835 2465 maritum
857 2416 945 2482 petat
968 2400 1144 2474 divortium
1184 2448 1186 2452 v

182 2546 243 2614 .ch
264 2539 328 2609 tori
350 2549 384 2603 et
417 2552 541 2600 mensae
576 2537 829 2622 separationem
860 2540 916 2606 aed
941 2559 982 2609 an
1012 2544 1144 2627 proprie

152 2645 156 2655 ι
189 2686 254 2755 dici
283 2681 412 2766 poenit,
442 2675 632 2742 adulterium
663 2678 767 2745 mariti
789 2699 862 2749 ease
883 2690 1016 2748 causam
1043 2704 1143 2768 quara

189 2839 316 2912 petatur
343 2819 543 2901 divortium,
580 2839 688 2888 nonne
719 2823 830 2904 potius
868 2823 1035 2892 dicendum
1070 2842 1143 2910 est,

192 2984 316 3052 gravem
333 2963 501 3047 injuriam,
524 2979 586 3042 qua
602 2961 737 3030 maritus
756 2980 884 3030 uxorem
905 2964 1026 3049 afficit,
1045 2985 1086 3034 ex
1103 2987 1143 3038 eo

190 3107 278 3191 quod
307 3104 419 3171 habuit
445 3102 657 3170 concubinam
682 3103 716 3169 in
743 3105 840 3175 domo
856 3111 1040 3193 communi,
1069 3110 1145 3177 huie

190 3247 309 3316 actioni
327 3263 434 3312 ansam
450 3246 542 3326 dare,
561 3262 658 3328 atque
679 3247 707 3312 si
725 3265 763 3312 ex
783 3261 845 3324 art.
858 3214 910 3319 C.
928 3249 972 3316 C.
991 3268 1056 3337 229
1075 3271 1146 3319 ver-

189 3392 230 3458 ba
249 3410 334 3480 pour
354 3407 448 3455 causa
473 3386 659 3458 d'adultire
679 3389 859 3471 deleamus,
880 3403 911 3459 et
928 3407 1062 3473 poenam
1088 3410 1145 3475 pe·

196 3531 368 3599 cnuiariam
394 3529 601 3595 coustitutum
622 3540 682 3596 art.
704 3529 748 3597 C.
771 3530 810 3599 P.
835 3546 896 3616 339
923 3530 1142 3615 remittamus,

188 3671 305 3753 injuria
340 3685 403 3748 qua
439 3667 578 3732 afficitur
609 3685 689 3734 uxor
719 3686 758 3733 ex
790 3685 861 3750 eo,
904 3669 992 3751 quod
1028 3668 1143 3736 habuit

191 3808 402 3877 concubinam
432 3807 562 3874 maritus
595 3806 630 3876 in
656 3808 752 3876 domo
778 3811 964 3895 communi,
986 3825 1017 3876 et
1045 3829 1146 3895 prop·

561 3904 605 3929 ..ὴ

1097 3968 1144 4019 ier
