2670 4778
250 388 272 450 a
384 369 761 446 ntssuunnuro
809 325 1072 456 Journrcn

252 577 386 641 aequum
409 573 456 623 est
489 556 657 641 prohibet,
683 555 856 636 quominus
880 569 1065 624 contractus
1086 557 1209 624 violm‘

251 713 327 782 tur,
354 701 423 766 sire
448 699 487 762 ab
515 698 669 763 alterutro
696 697 977 777 contrahentium,
1001 696 1069 761 sive
1096 698 1129 763 vi
1154 710 1207 762 aut

256 839 546 906 machinationibus
565 837 603 901 ab
623 850 769 902 extraneo
788 836 953 902 adhibitis.
989 837 1134 923 Quodsi
1154 856 1209 902 ve·

141 966 144 972 ⁸
252 999 322 1047 turn
350 981 394 1046 sit
419 981 452 1046 in
478 979 567 1046 omni
595 992 787 1056 contractu,
822 995 944 1057 quanto
972 978 1114 1043 sanctius
1143 996 1211 1043 ser·

251 1122 319 1190 vari
345 1135 471 1205 oportet
494 1120 576 1185 hane
595 1135 736 1183 normam
754 1117 787 1182 in
811 1135 978 1184 contractu
999 1117 1209 1184 matrimonia·

257 1260 305 1344 ll,
321 1280 388 1344 quo
410 1261 519 1328 nullus
545 1258 672 1340 majoris
697 1258 849 1325 momenti
865 1259 1029 1341 perficitur
1051 1258 1084 1324 in
1106 1261 1209 1326 socie·

259 1408 323 1467 tate
341 1400 455 1466 civili?
477 1409 509 1464 et
528 1406 662 1478 quantae
688 1397 859 1479 utilitatis,
886 1415 917 1464 et
944 1397 1042 1465 saldtl
1065 1401 1208 1465 omnium

255 1540 376 1609 civium
404 1539 633 1624 prospicientes
652 1537 861 1605 aestimandae
881 1515 969 1606 sunt'
983 1542 1068 1623 leges
1092 1559 1212 1623 poena·

255 1685 326 1765 les,
355 1680 475 1762 quibus
511 1676 664 1744 adulteria
698 1679 901 1747 coercentur!
936 1681 1016 1764 quid
1047 1679 1128 1746 enim
1160 1694 1210 1746 est

255 1821 522 1902 matrimonium,
558 1819 622 1886 nisi
651 1821 872 1904 conjunctio,
903 1840 965 1904 qua
995 1822 1046 1886 vir
1074 1837 1105 1886 et
1140 1821 1211 1887 foe·

255 1964 342 2031 mina
373 1964 598 2048 copulantur,
635 1964 718 2029 vitae
743 1963 895 2031 rationem
927 1980 1126 2031 communem
1154 1964 1211 2028 ha·

256 2106 359 2184 bent,
394 2101 579 2187 percipiunt
612 2101 696 2169 vitae
723 2104 937 2188 jucunditates
969 2119 1001 2170 et
1039 2104 1214 2171 amoenita-

208 2246 214 2255 '
261 2257 333 2323 tes,
362 2242 425 2309 sibi
451 2241 585 2307 invicem
615 2260 707 2323 opem
737 2256 769 2308 et
803 2246 953 2312 auxilium
981 2259 1141 2328 praestant
1167 2245 1207 2309 ad

177 2462 182 2477 Ι
258 2386 344 2452 vitae
375 2383 537 2449 molestias
564 2380 706 2449 ferendas
728 2384 872 2467 liberos,
893 2386 948 2468 qui
971 2403 988 2451 e
1014 2405 1050 2452 se
1070 2405 1208 2453 nascun-

257 2537 311 2592 tur
340 2544 419 2592 suos
452 2517 566 2588 dicunt
599 2535 629 2586 et
657 2525 820 2607 educant,
851 2527 901 2592 tir
925 2529 1086 2608 denique,
1120 2526 1209 2608 quod

261 2665 302 2730 ad
330 2663 561 2745 concubitum,
583 2664 640 2729 uni
670 2666 758 2731 vivat
786 2668 901 2750 uxori,
931 2688 1012 2734 uxor
1041 2668 1205 2735 univiro.

259 2810 347 2878 Patet
373 2825 411 2872 ex
443 2805 688 2888 descriptione,
722 2812 833 2889 quanti
872 2813 1024 2877 momenti
1065 2809 1106 2874 sit
1144 2824 1210 2870 ma·

260 2948 447 3014 trimonlum
473 2946 639 3027 societati,
665 2947 745 3028 ipsis
772 2950 1055 3031 contrahentibus,
1083 2947 1211 3016 liberis·

257 3108 340 3175 que,
366 3087 395 3154 si
416 3087 542 3167 quidem
564 3103 792 3171 procreantur3
814 3107 909 3170 atque
926 3091 999 3158 inde
1024 3090 1117 3157 facile
1140 3110 1211 3174 per·

260 3230 399 3313 cipitur,
421 3226 550 3309 plurimi
576 3228 726 3293 interesse
747 3232 929 3313 societatis,
950 3235 1204 3300 contrahentium

257 3386 288 3437 ct
314 3371 508 3447 liberorum,
530 3385 570 3432 ne
594 3355 731 3433 violetur
756 3386 941 3439 contractus
968 3376 1002 3441 in
1028 3389 1118 3457 parte
1137 3389 1203 3439 tam

257 3509 439 3590 essentiali,
467 3521 565 3588 atque
587 3523 635 3573 est
661 3525 772 3574 mutua
796 3510 874 3579 fides
898 3515 1099 3599 conjugalis3
1130 3533 1205 3580 nam

258 3663 296 3712 ut
320 3650 522 3716 commodum
547 3663 578 3713 et
604 3649 769 3715 utilitatem
799 3659 950 3735 praebent
984 3656 1129 3722 societati
1155 3655 1206 3720 vir

258 3800 291 3854 et
315 3787 454 3855 foemina
479 3789 681 3856 matrimonio
708 3792 893 3877 coniuncti,
918 3796 1023 3862 omnia
1052 3797 1205 3864 adhiben-

1131 3950 1206 4020 tes,
1305 4024 1308 4029 Ι
