2662 4776
357 362 959 444 ἰιιιιιιιιυιιιιιιἡ
1082 391 1124 463 ω

96 608 99 611 -
183 571 345 641 tet··quam
363 567 470 640 potest
489 567 594 640 petere
617 570 699 622 uxot
723 553 917 638 divortium,
949 553 1134 627 secundum·

183 715 243 771 ert.
265 697 308 769 C.
330 697 370 767 C.
402 714 490 783 230,
517 695 583 761 illis
614 696 739 781 injuriis
767 694 827 763 erit
860 694 1062 778 assimilata.
1089 691 1133 767 de'

182 838 303 923 quibus
326 856 431 905 sermo
452 849 502 904 est
522 837 555 905 in
575 851 636 903 art.
658 836 698 905 C.
721 836 765 905 C.
787 854 864 920 231.

201 1032 204 1036 .
226 978 430 1055 contrarium
449 978 595 1061 obtinet,
616 979 646 1045 si
663 996 745 1046 uxor
762 964 908 1045 adulterii
933 978 1065 1047 crimine
1081 975 1129 1048 sit¹

183 1141 254 1204 rea,
282 1141 317 1188 ea
344 1093 484 1189 afficitur
519 1137 650 1203 poena,
681 1137 763 1203 quae
797 1119 905 1188 delicti
934 1125 1004 1208 ejus
1033 1124 1134 1208 major

181 1263 322 1347 gravitas
351 1262 551 1348 expostulare
576 1261 724 1343 videtur,
745 1261 839 1344 cuius
871 1281 992 1347 poenae
1022 1264 1137 1330 remis·

186 1404 238 1475 sio
258 1406 395 1488 pertinet
417 1405 457 1472 ad
480 1404 651 1494 maritum3
680 1402 745 1480 imo
766 1424 805 1471 eo
834 1423 937 1485 sieque
961 1423 1010 1470 res
1041 1405 1135 1470 msti-

185 1546 213 1611 ti
245 1545 379 1613 arbitrio
409 1543 473 1609 fuit
508 1543 676 1623 mandata,
709 1557 746 1609 ut
783 1545 814 1611 si
850 1543 903 1609 hic
939 1543 979 1609 ab
1012 1543 1137 1612 actione

185 1699 299 1753 contra
327 1662 459 1751 uxorem
485 1683 686 1765 destitisset,
718 1683 829 1750 uxoris
856 1684 977 1752 adulter
1002 1704 1133 1769 quoque
1227 1696 1235 1713 ·

186 1830 227 1901 ab
260 1825 348 1895 omni
378 1844 480 1911 poena
509 1825 554 1894 sit
586 1823 750 1894 liberatus.
798 1826 908 1908 Atque
940 1827 1036 1893 modo
1061 1844 1136 1910 pro·

188 1968 262 2038 bare
281 1970 390 2051 possit
411 1966 541 2036 maritus
567 1965 754 2031 adulterium
779 1965 908 2046 uxoris,
930 1981 1042 2033 contra
1066 1983 1134 2036 eam

185 2112 256 2203 jure
284 2114 366 2193 petit
395 2108 570 2178 divortium
607 2120 663 2171 aut
700 2107 761 2170 tori
789 2120 821 2170 et
862 2122 987 2175 mensae
1011 2085 1135 2190 separa·

185 2256 337 2325 tionem·
360 2251 483 2326 Poenae
503 2249 604 2334 igitur
621 2245 787 2328 utriusque
814 2235 956 2314 adulterii
977 2265 1043 2317 tum
1070 2269 1136 2318 ma·

187 2396 241 2462 riti
259 2411 326 2460 tum
346 2394 480 2472 uxoris,
502 2411 561 2475 pro
583 2387 756 2481 differentia
779 2407 858 2469 quae
881 2391 1012 2474 existit,
1035 2394 1137 2460 diver·

190 2556 243 2609 sae
272 2550 382 2619 sunt3
420 2533 586 2615 utriusque
624 2546 731 2597 tamen
764 2530 895 2597 effectus
929 2536 1037 2600 eodem
1073 2533 1138 2600 fere

191 2678 353 2750 ambulant
390 2695 498 2758 passu.
551 2674 650 2760 Quod
686 2673 725 2738 ad
761 2671 879 2739 liberos
913 2676 1134 2757 adulterinos,
1245 2746 1247 2752 ,

192 2834 295 2918 status
322 2835 431 2886 eorum
471 2820 594 2884 ratione
626 2817 748 2898 patris,
773 2828 805 2879 et
840 2814 947 2879 matris
976 2814 1071 2900 longe
1101 2820 1136 2884 in

193 2960 283 3027 aliam
315 2961 382 3026 abit
404 2961 511 3043 viam3
542 2959 662 3026 satione
694 2957 792 3040 patris
817 2955 900 3024 actio
926 2956 1070 3022 adulterii
1096 2962 1135 3028 ab

193 3118 291 3169 uxore
314 3105 384 3190 jure
405 3102 575 3185 instituta,
596 3100 721 3180 efficit,
750 3111 787 3163 ιιι
812 3099 977 3166 adulterini
1004 3101 1139 3170 habean-

191 3259 270 3328 tur3
292 3263 373 3327 quae
401 3248 521 3313 sinon
547 3247 590 3328 sit
616 3241 788 3323 instituti,
819 3240 939 3311 nullam
965 3242 998 3308 in
1027 3261 1137 3311 eorum

193 3383 333 3453 favorem
359 3387 498 3460 admittit
517 3385 753 3468 exceptionem,
773 3397 831 3454 art.
848 3382 891 3454 C.
915 3384 960 3454 C.
983 3404 1056 3471 340.
1083 3385 1138 3453 La

194 3528 362 3600 recherche
388 3527 427 3594 de
460 3530 495 3595 le
515 3531 689 3616 paternit(
709 3543 755 3594 ete
780 3524 948 3594 interdite.
1000 3524 1137 3593 Ratione

194 3668 325 3751 matris,
348 3671 381 3737 in
403 3669 543 3739 fauorem
565 3671 753 3752 liberorum,
775 3687 879 3751 quos,
903 3681 1005 3740 stante
1031 3673 1140 3736 matri·

196 3810 305 3882 monio
336 3813 505 3898 concepit,
535 3815 650 3883 militat
672 3812 800 3898 regula,
831 3825 932 3897 pater
956 3826 1020 3896 ese,
1043 3834 1133 3900 quem

713 3917 790 4039 ug
1063 3971 1145 4038 ap.
