2662 4776
251 378 273 440 a
385 359 762 436 utssurtunuro
810 316 1073 446 Juututcn

252 567 387 631 aequum
409 563 457 613 est
489 546 658 631 prohibet,
684 546 857 626 quominus
881 541 1066 614 contractus
1086 548 1209 615 violat·

251 703 328 772 tur,
354 691 424 756 sive
449 689 487 752 ab
516 688 669 776 alterutro
697 687 977 768 contrahentium,
1001 687 1069 752 sive
1097 689 1130 754 vi
1154 702 1208 754 aut

257 829 547 896 machinationibus
566 827 604 891 ab
624 840 770 891 extraneo
790 827 953 893 adhibitis.
989 828 1134 914 Quodsi
1155 848 1210 894 ve·

141 955 145 961 ⁴
252 989 322 1037 rum
351 971 453 1036 sitin
479 969 568 1036 omni
595 981 788 1046 contractu,
823 986 944 1048 quanto
973 969 1114 1034 sanctius
1143 988 1211 1035 ser·

251 1111 319 1179 rari
345 1125 471 1194 oportet
495 1110 576 1175 banc
590 1125 736 1173 ¹normam
755 1108 788 1173 in
811 1125 978 1175 contractu
999 1110 1209 1175 matrimonia·

199 1212 201 1216 y
258 1250 305 1334 li,
321 1269 389 1334 quo
411 1251 520 1317 nullus
546 1248 673 1331 majoris
697 1249 849 1316 momenti
865 1250 1030 1332 perficitur
1051 1249 1084 1315 in
1107 1252 1209 1317 socie·

259 1398 323 1457 tate
341 1390 455 1456 civili?
477 1399 509 1454 et
528 1383 662 1469 quantae
688 1388 859 1470 utilitatis,
886 1404 917 1455 et
944 1388 1042 1456 saluti
1065 1392 1208 1456 omnium

255 1530 376 1599 civium
404 1529 633 1615 prospicientes
652 1528 861 1596 aestimandae
881 1505 969 1597 sunt'
983 1533 1068 1614 leges
1092 1551 1212 1614 poena·

255 1675 326 1755 les,
356 1671 475 1753 quibus
511 1662 664 1735 adulteria
698 1670 901 1738 coercentur!
936 1673 1016 1755 quid
1048 1671 1128 1738 enirn
1160 1686 1210 1738 est

255 1811 522 1893 matrimonium,
558 1809 622 1877 nisi
651 1812 872 1896 coniunctio,
903 1832 966 1897 qua
995 1813 1105 1879 viret
1140 1813 1211 1879 foe·

255 1955 342 2022 mina
373 1955 598 2039 copulantur,
635 1955 718 2020 vitae
743 1954 895 2022 rationem
927 1972 1126 2022 communem
1154 1956 1226 2020 ha··

256 2097 359 2175 bent,
394 2092 579 2178 percipiunt
611 2092 696 2159 vitae
723 2095 937 2179 jucunditates
969 2111 1000 2162 et
1039 2097 1214 2163 amoenita-

208 2238 214 2247 '
260 2249 333 2314 tes,
361 2233 425 2301 sibi
451 2233 585 2298 invicem
615 2251 706 2314 opem
736 2246 768 2299 et
802 2237 952 2304 auxilium
981 2251 1141 2321 praestant
1167 2238 1207 2302 ad

176 2452 181 2470 Ι
258 2377 344 2444 vitae
374 2374 537 2442 molestias
563 2372 706 2441 ferendas
727 2376 872 2459 liberos,
892 2378 948 2460 qui
971 2396 988 2443 e
1014 2398 1050 2445 se
1070 2398 1207 2446 naseun-

256 2529 310 2584 tur
340 2535 419 2583 suos
442 2510 566 2581 ‘dieunt
598 2527 629 2578 et
655 2487 820 2600 educant,
851 2519 900 2584 vir
925 2522 1086 2601 denique,
1120 2519 1209 2601 quod

260 2659 302 2723 ad
330 2656 560 2738 concubitum,
582 2657 639 2722 uni
670 2659 758 2724 vivat
786 2661 900 2743 uxori,
930 2681 1012 2727 uxor
1041 2661 1205 2728 univiro.

258 2803 346 2871 Patet
372 2818 410 2865 ex
441 2799 687 2881 descriptione,
721 2805 832 2882 quanti
872 2807 1024 2871 momenti
1065 2803 1106 2867 sit
1144 2818 1210 2864 ma·

259 2943 447 3008 trimonium
472 2939 638 3021 societati,
665 2941 745 3022 ipsis
772 2944 1054 3025 contrahentibus,
1083 2941 1210 3010 liberis·

256 3102 339 3169 que,
365 3081 394 3148 si
416 3082 541 3164 quidem
563 3097 792 3166 procreantur;
814 3098 908 3164 atque
925 3085 998 3152 inde
1024 3084 1116 3151 facile
1140 3103 1210 3169 per·

259 3224 398 3308 cipitur,
420 3220 548 3304 plurimi
575 3224 725 3288 interesse
746 3227 928 3308 societatis,
950 3229 1203 3295 contrabentium

256 3381 287 3432 et
313 3367 507 3442 liberorum,
529 3380 569 3427 ne
593 3361 730 3429 violetur
755 3381 941 3433 contractus
967 3371 1002 3436 in
1028 3383 1117 3452 parte
1137 3383 1202 3434 tam

256 3505 438 3586 essentiali,
466 3517 564 3584 atque
586 3519 634 3570 est
660 3522 771 3571 mutua
796 3506 874 3574 fides
897 3511 1099 3595 conjugalis3
1130 3528 1204 3575 nant

256 3660 295 3709 ut
319 3646 521 3712 commodum
546 3659 577 3709 et
601 3646 768 3712 utilitatem
798 3655 949 3732 praebent
984 3651 1128 3718 societati
1155 3650 1205 3715 vir

256 3798 289 3852 et
313 3785 452 3852 foemina
478 3787 680 3855 matrimonio
707 3790 892 3875 coniuncti,
918 3793 1022 3859 omnia
1041 3792 1205 3860 adhiben-

1131 3946 1206 4015 tea,
1302 4016 1304 4021 Ι
