2662 4776
376 383 951 466 runnnunnuln'
1080 379 1128 472 n

168 567 277 637 fredus
300 577 339 640 nd
365 575 445 641 hanc
474 576 571 658 legem
596 576 696 643 dixit:
743 623 765 661 „
786 579 865 645 dlcm
884 594 915 648 et
934 582 1042 648 hortm
1060 584 1117 650 de·

174 757 195 793 „
217 713 285 777 licti
306 717 500 818 commissi,
532 736 625 784 nemo
653 717 774 785 invitus
803 722 1002 789 accusatione
1027 742 1117 791 com·

60 919 62 923 .
175 854 317 937 „plecti
347 870 491 940 tenetur,
527 861 592 928 niti
627 858 713 928 forte
738 879 795 944 per
826 861 1027 930 omissionem
1053 863 1117 930 diei

176 1040 197 1076 „
218 1014 270 1061 reo
296 996 464 1065 inferretur
487 1002 596 1072 laesio.
646 1002 734 1088 Quid
761 1003 866 1085 enim,
897 1001 925 1066 si
960 1021 1031 1068 reus
1057 1023 1118 1086 pn·

60 1196 64 1208 ‚
177 1149 284 1218 „test
309 1139 464 1222 probare,
495 1144 567 1225 die,
598 1144 723 1227 dequo
746 1145 872 1228 agitur,
905 1162 939 1209 se
960 1146 1023 1209 alto
1044 1145 1120 1210 loco

176 1321 199 1356 „
221 1297 255 1345 ac
281 1280 357 1345 alibi
383 1280 526 1352 fuisse.”
565 1287 795 1364 Argumentum
820 1284 1123 1351 desumsitGotho·

172 1419 282 1486 fredus
310 1439 348 1487 ex
373 1422 400 1488 l.
422 1439 474 1507 14.
502 1420 542 1494 C.
565 1424 607 1492 de
624 1429 773 1494 control.
795 1439 827 1492 et
847 1431 999 1497 commiti.
1020 1430 1124 1515 stipu-

174 1561 306 1632 latione.

220 1669 1300 1796 mmmmmmmqmmfflmmm·⁴'

179 1846 267 1911 butio
296 1846 479 1931 hujusmodi
504 1851 636 1936 delicti,'
672 1869 708 1919 ut
736 1872 830 1918 causa
855 1854 938 1920 adsit
967 1851 1122 1933 divortii,

178 2005 252 2052 cum
272 2004 339 2054 non
363 1992 467 2057 solum
486 1995 593 2074 ipsum
619 1996 790 2074 delictum,
812 1993 978 2058 sedetiam
1006 1994 1121 2073 locus,

179 2146 304 2228 annus,
339 2135 458 2199 mensis
489 2150 521 2199 et
552 2104 624 2202 dies¹
652 2135 780 2217 quidem
813 2134 921 2200 delicti
955 2132 1126 2218 perpetrati

179 2271 384 2354 probatione*
397 2275 559 2359 indigeat,
582 2295 620 2342 ex
649 2276 767 2358 quibus
784 2276 903 2342 efficere
922 2273 1052 2358 liceret,
1072 2276 1128 2361 jne

179 2382 342 2488 Gallicum
369 2419 477 2486 uxoris
511 2419 663 2485 adulterio
696 2419 822 2500 iuvere,
854 2437 928 2484 cum
963 2419 1127 2501 probarin-

181 2584 251 2631 nem
275 2579 337 2628 tam
368 2560 527 2626 difficilem
560 2562 691 2639 reddat,
713 2576 809 2642 atque
835 2562 936 2642 magis
971 2559 1006 2624 in
1031 2560 1127 2625 mnri-

181 2709 207 2774 tl
231 2705 382 2770 delictum
417 2702 681 2781 animadvertere,
711 2719 785 2767 cum
812 2701 911 2786 hujus
941 2703 1048 2767 delicti
1078 2699 1132 2768 fn·

134 2889 137 2893 ·
181 2851 274 2917 cllior
300 2845 414 2913 existat
435 2843 606 2925 probatio,
628 2857 660 2907 et
684 2843 734 2908 lex
757 2843 904 2910 nonnisi
926 2842 1129 2926 praesentiam

183 2990 379 3056 concubinae
395 2986 430 3053 in
455 2987 550 3050 domn
570 2984 732 3052 communi
759 2984 918 3067 requirat,
941 3002 1021 3065 quae
1042 3000 1127 3053 certe

185 3130 323 3216 probatu
349 3139 397 3192 est
428 3124 582 3211 facilior3
614 3142 711 3209 atque
737 3123 812 3192 haec
843 3127 949 3192 omnin
981 3126 1131 3195 videntur

180 3271 267 3360 Juris
281 3268 397 3375 Gallici
414 3267 594 3352 principio,
613 3286 680 3350 qun
692 3268 882 3334 adulterium
902 3268 1011 3336 uxorin
1029 3286 1126 3350 quam
1169 3309 1173 3319 ·

184 3412 287 3479 mariti
315 3411 469 3476 severiore
498 3409 598 3476 modo'
617 3424 802 3491 coercetur,
828 3425 1013 3492 repugnare.
1059 3409 1128 3475 Ob·

179 3558 310 3639 jicimun
346 3568 421 3617 vero
459 3553 534 3619 haec
567 3569 633 3617 nnn
664 3526 751 3619 ¹recte
779 3550 859 3618 effici
891 3568 931 3617 ex
958 3551 1019 3631 iis,
1049 3568 1130 3634 quae

185 3697 270 3762 dicta
297 3706 394 3775 eunt,
413 3713 486 3759 cum
514 3712 572 3774 ea,
595 3674 675 3774 quae
698 3697 730 3761 in
749 3691 888 3760 favorem
912 3692 1020 3760 uxoris
1040 3695 1131 3760 adul·

185 3838 256 3908 tetii
272 3833 448 3902 constituta
471 3835 638 3918 videntur,
659 3837 772 3918 potius
790 3836 856 3902 sint
874 3837 1053 3922 necessarii}
1064 3831 1128 3901 dif-

685 3973 756 4064 H3
1091 3974 1142 4040 l'e·
