2662 4776
374 423 902 501 lNlUGURnLlS.
1068 428 1115 514 35

160 609 207 682 rai
234 622 350 686 came,
372 623 453 688 qnae
480 624 613 690 quoqne
630 608 838 690 legislatorem
864 608 1104 695 determinavit,

161 747 203 824 sd
227 744 306 810 idern
329 745 483 827 temporis
503 743 643 828 spatium
671 744 957 828 constituendum,
980 765 1046 831 quo
1069 766 1103 814 e·

157 883 249 967 lapso
278 895 357 968 post
389 882 625 951 matrimonium
655 893 758 949 morte
783 881 1002 968 dissolutum,
1023 901 1104 950 eon·

152 1021 224 1105 jugi
252 1019 420 1105 superstiti
451 1021 605 1095 secundas
632 1016 765 1103 nuptias
790 1019 945 1088 celebrare
973 1019 1105 1104 permit·

154 1157 258 1241 titur,
283 1174 394 1241 nempe
415 1174 457 1226 ne
482 1158 521 1225 de
547 1156 719 1226 liberorum
745 1157 980 1245 nasciturorum
1014 1168 1103 1239 patra

152 1258 330 1370 dubitetur,⁴
391 1292 471 1361 Non
504 1294 598 1379 parsi
633 1294 785 1364 momenti
816 1292 1016 1363 difficultates
1049 1294 1103 1365 hie

152 1431 320 1512 oriuntur,
346 1449 417 1499 nam
446 1432 494 1497 nti
520 1444 599 1514 post
618 1429 853 1501 matrimonium
880 1429 1021 1499 divortio
1048 1449 1104 1499 so·

153 1571 254 1637 lutum
283 1587 366 1635 uxor
392 1571 431 1636 ad
461 1571 616 1637 secundas
644 1571 774 1654 nuptias
809 1568 943 1634 transire
965 1568 1105 1650 possit,

152 1708 200 1775 ita
229 1724 359 1790 quoque
390 1706 522 1773 maritus
553 1707 674 1774 adulter
705 1707 764 1772 hac
789 1703 940 1774 facultate
966 1704 1102 1789 gaudet,

154 1825 250 1915 modo
276 1863 316 1913 ne
344 1845 387 1911 sit
412 1862 486 1909 cum
507 1843 713 1928 concubina,
744 1842 828 1914 unde
854 1860 964 1926 graves
991 1861 1102 1924 quaes·

153 1983 259 2055 tiones
301 1983 483 2062 oriuntur,
523 1999 605 2067 quae
644 1995 747 2048 tamen
780 1979 949 2064 praecipue
978 1995 1106 2046 versan-

153 2136 207 2188 tur
251 2119 335 2186 cirea
376 2117 529 2200 liberos,
577 2117 636 2201 qni
674 2134 712 2183 ex
754 2114 894 2183 divortio
935 2112 1105 2184 adulterini

151 2270 231 2328 sunt
254 2255 435 2338 declarati,
476 2256 515 2323 de
553 2255 672 2349 quibus
701 2271 774 2338 erp.
804 2253 950 2336 sequenti
977 2250 1036 2330 erit
1068 2269 1103 2327 as

149 2396 299 2482 gendum.

193 2533 357 2618 Respecto
387 2528 499 2596 uxoris
533 2547 666 2614 quoque
699 2541 866 2600 vorantur
902 2524 1036 2595 divortii
1061 2544 1101 2609 es

153 2689 248 2739 causa
270 2667 416 2737 adulterii
435 2665 597 2753 impetrati
627 2666 764 2735 effectus
791 2668 875 2743 cirea
901 2667 1008 2747 bona,
1029 2683 1103 2736 nam

154 2807 258 2882 omnio
276 2805 444 2872 commoda
466 2819 637 2875 conservat
654 2822 764 2886 uxor,·
778 2821 859 2885 quae
875 2804 938 2887 ipsi
955 2822 973 2868 a
988 2804 1103 2879 marito

150 2946 304 3028 stipulata
321 2942 440 3011 fuerint
458 2955 520 3011 art.
546 2960 626 3027 300,
644 2943 728 3010 unde
744 2941 908 3026 sequitur,
924 2959 993 3015 non
1004 2956 1103 3024 posse

155 3101 189 3152 ea
208 3098 352 3147 reuocare
369 3081 541 3164 maritum,
561 3081 592 3149 si
609 3094 722 3158 contra
742 3081 849 3166 ipsum
862 3079 1035 3155 divortium
1057 3081 1102 3146 sit

153 3219 314 3303 petitum,
335 3218 477 3300 quamvis
499 3219 575 3291 alias
593 3237 717 3302 semper
734 3235 810 3286 sunt
827 3219 1017 3293 revocabilis
1038 3226 1099 3286 nrt.

155 3357 259 3445 1096,
276 3356 437 3439 quaeritur
449 3375 546 3439 vero,
564 3357 690 3440 quando
707 3357 806 3442 igitur
815 3357 1010 3426 revocabilis
1028 3366 1102 3420 essa

153 3494 320 3581 desinunt3
337 3492 455 3562 efficere
469 3495 532 3561 hoc
550 3494 624 3561 licet
645 3515 683 3561 ex
697 3509 757 3562 art.
767 3516 852 3581 271,
874 3509 987 3573 nempe
1004 3488 1104 3572 odie,

151 3651 218 3732 quo
235 3631 402 3716 tribunalis
416 3652 541 3719 praeses
561 3634 705 3701 maritum
727 3647 757 3700 et
775 3650 903 3702 uxorem
926 3632 958 3697 in
972 3631 1028 3727 jus
1045 3646 1108 3698 vos

632 3769 661 3847 li
683 3794 703 3839 a
1029 3783 1110 3859 culp
