<?xml version="1.0" encoding="UTF-8"?>
<!DOCTYPE html PUBLIC "-//W3C//DTD XHTML 1.0 Transitional//EN"
    "http://www.w3.org/TR/xhtml1/DTD/xhtml1-transitional.dtd">
<html xmlns="http://www.w3.org/1999/xhtml" xml:lang="en" lang="en">
 <head>
  <title>
</title>
<meta http-equiv="Content-Type" content="text/html;charset=utf-8" />
  <meta name='ocr-system' content='tesseract 3.04.00' />
  <meta name='ocr-capabilities' content='ocr_page ocr_carea ocr_par ocr_line ocrx_word'/>
</head>
<body>
  <div class='ocr_page' id='page_1' title='image "./deadulteriosecu00weldgoog_0081.png"; bbox 0 0 2662 4776; ppageno 0'>
   <div class='ocr_carea' id='block_1_1' title="bbox 210 354 1012 463">
    <p class='ocr_par' dir='ltr' id='par_1_1' title="bbox 210 354 1012 463">
     <span class='ocr_line' id='line_1_1' title="bbox 210 354 1012 463; baseline -0.002 -36"><span class='ocrx_word' id='word_1_1' title='bbox 210 376 255 463; x_wconf 69' lang='lat'>⁵²</span> <span class='ocrx_word' id='word_1_2' title='bbox 356 357 713 430; x_wconf 19' lang='lat' dir='ltr'>ursssssrtrruro</span> <span class='ocrx_word' id='word_1_3' title='bbox 752 354 1012 447; x_wconf 75' lang='lat' dir='ltr'>Jurarorcu</span> 
     </span>
    </p>
   </div>
   <div class='ocr_carea' id='block_1_2' title="bbox 218 537 1251 766">
    <p class='ocr_par' dir='ltr' id='par_1_2' title="bbox 218 537 1251 766">
     <span class='ocr_line' id='line_1_2' title="bbox 218 537 1251 625; baseline -0.009 -18"><span class='ocrx_word' id='word_1_4' title='bbox 218 540 323 621; x_wconf 88' lang='lat' dir='ltr'>enim,</span> <span class='ocrx_word' id='word_1_5' title='bbox 348 559 413 622; x_wconf 90' lang='lat' dir='ltr'>quo</span> <span class='ocrx_word' id='word_1_6' title='bbox 434 543 533 624; x_wconf 89' lang='lat' dir='ltr'>palam</span> <span class='ocrx_word' id='word_1_7' title='bbox 553 540 628 623; x_wconf 90' lang='lat' dir='ltr'>fiat,</span> <span class='ocrx_word' id='word_1_8' title='bbox 654 540 784 625; x_wconf 81' lang='lat' dir='ltr'>existit3</span> <span class='ocrx_word' id='word_1_9' title='bbox 812 540 921 605; x_wconf 87' lang='lat' dir='ltr'>uxoris</span> <span class='ocrx_word' id='word_1_10' title='bbox 944 556 1021 607; x_wconf 89' lang='lat' dir='ltr'>vero</span> <span class='ocrx_word' id='word_1_11' title='bbox 1049 537 1168 602; x_wconf 65' lang='lat' dir='ltr'>adulte*</span> <span class='ocrx_word' id='word_1_12' title='bbox 1244 613 1251 621; x_wconf 15' lang='grc' dir='ltr'><strong>ᾗ</strong></span> 
     </span>
     <span class='ocr_line' id='line_1_3' title="bbox 218 675 1170 766; baseline -0.006 -20"><span class='ocrx_word' id='word_1_13' title='bbox 218 683 299 747; x_wconf 91' lang='lat' dir='ltr'>rium</span> <span class='ocrx_word' id='word_1_14' title='bbox 327 700 510 765; x_wconf 86' lang='lat' dir='ltr'>propterea,</span> <span class='ocrx_word' id='word_1_15' title='bbox 540 685 629 766; x_wconf 91' lang='lat' dir='ltr'>quod</span> <span class='ocrx_word' id='word_1_16' title='bbox 658 685 777 750; x_wconf 89' lang='lat' dir='ltr'>liberos</span> <span class='ocrx_word' id='word_1_17' title='bbox 802 684 938 746; x_wconf 89' lang='lat' dir='ltr'>incertos</span> <span class='ocrx_word' id='word_1_18' title='bbox 957 678 1090 757; x_wconf 89' lang='lat' dir='ltr'>reddat,</span> <span class='ocrx_word' id='word_1_19' title='bbox 1112 675 1170 758; x_wconf 91' lang='lat' dir='ltr'>qui</span> 
     </span>
    </p>
   </div>
   <div class='ocr_carea' id='block_1_3' title="bbox 218 799 1175 908">
    <p class='ocr_par' dir='ltr' id='par_1_3' title="bbox 218 799 1175 908">
     <span class='ocr_line' id='line_1_4' title="bbox 218 799 1175 908; baseline -0.007 -19"><span class='ocrx_word' id='word_1_20' title='bbox 218 839 419 905; x_wconf 89' lang='lat' dir='ltr'>nascuntur,</span> <span class='ocrx_word' id='word_1_21' title='bbox 442 799 573 892; x_wconf 83' lang='lat' dir='ltr'>effectus</span> <span class='ocrx_word' id='word_1_22' title='bbox 588 824 738 908; x_wconf 88' lang='lat' dir='ltr'>producit</span> <span class='ocrx_word' id='word_1_23' title='bbox 757 826 852 906; x_wconf 82' lang='lat' dir='ltr'>longe</span> <span class='ocrx_word' id='word_1_24' title='bbox 870 821 1105 899; x_wconf 79' lang='lat' dir='ltr'>damnosiores,</span> <span class='ocrx_word' id='word_1_25' title='bbox 1125 829 1175 883; x_wconf 84' lang='lat' dir='ltr'>at·</span> 
     </span>
    </p>
   </div>
   <div class='ocr_carea' id='block_1_4' title="bbox 223 960 1172 1050">
    <p class='ocr_par' dir='ltr' id='par_1_4' title="bbox 223 960 1172 1050">
     <span class='ocr_line' id='line_1_5' title="bbox 223 960 1172 1050; baseline -0.006 -21"><span class='ocrx_word' id='word_1_26' title='bbox 223 983 286 1045; x_wconf 87' lang='lat' dir='ltr'>que</span> <span class='ocrx_word' id='word_1_27' title='bbox 299 967 395 1050; x_wconf 86' lang='lat' dir='ltr'>igitur</span> <span class='ocrx_word' id='word_1_28' title='bbox 415 968 570 1034; x_wconf 89' lang='lat' dir='ltr'>severiore</span> <span class='ocrx_word' id='word_1_29' title='bbox 587 967 683 1033; x_wconf 92' lang='lat' dir='ltr'>modo</span> <span class='ocrx_word' id='word_1_30' title='bbox 700 983 794 1048; x_wconf 85' lang='lat' dir='ltr'>quarn</span> <span class='ocrx_word' id='word_1_31' title='bbox 812 966 916 1029; x_wconf 90' lang='lat' dir='ltr'>mariti</span> <span class='ocrx_word' id='word_1_32' title='bbox 931 960 1117 1029; x_wconf 82' lang='lat' dir='ltr'><strong>adulterium</strong></span> <span class='ocrx_word' id='word_1_33' title='bbox 1134 970 1172 1024; x_wconf 93' lang='lat' dir='ltr'>ut</span> 
     </span>
    </p>
   </div>
   <div class='ocr_carea' id='block_1_5' title="bbox 220 1105 1173 1471">
    <p class='ocr_par' dir='ltr' id='par_1_5' title="bbox 220 1105 1173 1471">
     <span class='ocr_line' id='line_1_6' title="bbox 221 1105 1171 1195; baseline -0.004 -24"><span class='ocrx_word' id='word_1_34' title='bbox 221 1124 403 1175; x_wconf 85' lang='lat' dir='ltr'>coerceatur</span> <span class='ocrx_word' id='word_1_35' title='bbox 424 1111 554 1195; x_wconf 84' lang='lat' dir='ltr'><strong>plurimi</strong></span> <span class='ocrx_word' id='word_1_36' title='bbox 575 1108 727 1174; x_wconf 88' lang='lat' dir='ltr'>iuteresse</span> <span class='ocrx_word' id='word_1_37' title='bbox 740 1106 847 1171; x_wconf 84' lang='lat' dir='ltr'>civilis</span> <span class='ocrx_word' id='word_1_38' title='bbox 871 1105 1056 1185; x_wconf 84' lang='lat' dir='ltr'>societatis,</span> <span class='ocrx_word' id='word_1_39' title='bbox 1077 1121 1171 1169; x_wconf 91' lang='lat' dir='ltr'>nemo</span> 
     </span>
     <span class='ocr_line' id='line_1_7' title="bbox 220 1228 1173 1333; baseline -0.004 -23"><span class='ocrx_word' id='word_1_40' title='bbox 220 1261 291 1327; x_wconf 87' lang='lat' dir='ltr'>est,</span> <span class='ocrx_word' id='word_1_41' title='bbox 314 1251 370 1328; x_wconf 85' lang='lat' dir='ltr'>qui</span> <span class='ocrx_word' id='word_1_42' title='bbox 390 1269 456 1315; x_wconf 89' lang='lat' dir='ltr'>non</span> <span class='ocrx_word' id='word_1_43' title='bbox 475 1250 638 1328; x_wconf 79' lang='lat' dir='ltr'>fatebitur.</span> <span class='ocrx_word' id='word_1_44' title='bbox 678 1249 738 1333; x_wconf 90' lang='lat' dir='ltr'>Jus</span> <span class='ocrx_word' id='word_1_45' title='bbox 759 1228 919 1313; x_wconf 88' lang='lat' dir='ltr'>Gallicum</span> <span class='ocrx_word' id='word_1_46' title='bbox 932 1249 1012 1312; x_wconf 85' lang='lat' dir='ltr'>hauc</span> <span class='ocrx_word' id='word_1_47' title='bbox 1026 1244 1173 1309; x_wconf 69' lang='lat' dir='ltr'>differen-</span> 
     </span>
     <span class='ocr_line' id='line_1_8' title="bbox 223 1387 1169 1471; baseline 0.002 -23"><span class='ocrx_word' id='word_1_48' title='bbox 223 1387 296 1450; x_wconf 88' lang='lat' dir='ltr'>tiam</span> <span class='ocrx_word' id='word_1_49' title='bbox 307 1407 372 1454; x_wconf 90' lang='lat' dir='ltr'>non</span> <span class='ocrx_word' id='word_1_50' title='bbox 385 1391 489 1453; x_wconf 88' lang='lat' dir='ltr'>solum</span> <span class='ocrx_word' id='word_1_51' title='bbox 508 1388 753 1471; x_wconf 83' lang='lat' dir='ltr'>comprobavit,</span> <span class='ocrx_word' id='word_1_52' title='bbox 771 1389 878 1453; x_wconf 88' lang='lat' dir='ltr'>sedeo</span> <span class='ocrx_word' id='word_1_53' title='bbox 897 1392 987 1453; x_wconf 90' lang='lat' dir='ltr'>etiam</span> <span class='ocrx_word' id='word_1_54' title='bbox 1002 1387 1169 1468; x_wconf 84' lang='lat' dir='ltr'>procedit,</span> 
     </span>
    </p>
   </div>
   <div class='ocr_carea' id='block_1_6' title="bbox 222 1520 1177 1612">
    <p class='ocr_par' dir='ltr' id='par_1_6' title="bbox 222 1520 1177 1612">
     <span class='ocr_line' id='line_1_9' title="bbox 222 1520 1177 1612; baseline 0 -20"><span class='ocrx_word' id='word_1_55' title='bbox 222 1542 260 1592; x_wconf 92' lang='lat' dir='ltr'>ut</span> <span class='ocrx_word' id='word_1_56' title='bbox 288 1530 392 1596; x_wconf 90' lang='lat' dir='ltr'>nullas</span> <span class='ocrx_word' id='word_1_57' title='bbox 416 1529 481 1597; x_wconf 86' lang='lat' dir='ltr'>fere</span> <span class='ocrx_word' id='word_1_58' title='bbox 504 1531 539 1598; x_wconf 93' lang='lat' dir='ltr'>in</span> <span class='ocrx_word' id='word_1_59' title='bbox 568 1520 729 1596; x_wconf 87' lang='lat' dir='ltr'>adulteros</span> <span class='ocrx_word' id='word_1_60' title='bbox 755 1547 873 1612; x_wconf 88' lang='lat' dir='ltr'>poenas</span> <span class='ocrx_word' id='word_1_61' title='bbox 894 1528 1122 1609; x_wconf 86' lang='lat' dir='ltr'>constituerit,</span> <span class='ocrx_word' id='word_1_62' title='bbox 1142 1527 1177 1592; x_wconf 89' lang='lat' dir='ltr'>in</span> 
     </span>
    </p>
   </div>
   <div class='ocr_carea' id='block_1_7' title="bbox 28 1664 1178 1764">
    <p class='ocr_par' dir='ltr' id='par_1_7' title="bbox 28 1664 1178 1764">
     <span class='ocr_line' id='line_1_10' title="bbox 28 1664 1178 1764; baseline -0.002 -32"><span class='ocrx_word' id='word_1_63' title='bbox 28 1664 34 1672; x_wconf 77' lang='grc'><em>’</em></span> <span class='ocrx_word' id='word_1_64' title='bbox 115 1760 117 1764; x_wconf 12' lang='lat' dir='ltr'>v</span> <span class='ocrx_word' id='word_1_65' title='bbox 224 1671 381 1738; x_wconf 87' lang='lat' dir='ltr'>adulteras</span> <span class='ocrx_word' id='word_1_66' title='bbox 396 1672 958 1758; x_wconf 78' lang='lat' dir='ltr'>verorumgraviteranimadverteret</span> <span class='ocrx_word' id='word_1_67' title='bbox 974 1669 1178 1752; x_wconf 63' lang='lat' dir='ltr'>quamdeIic2</span> 
     </span>
    </p>
   </div>
   <div class='ocr_carea' id='block_1_8' title="bbox 180 1809 1272 3739">
    <p class='ocr_par' dir='ltr' id='par_1_8' title="bbox 180 1809 1272 3739">
     <span class='ocr_line' id='line_1_11' title="bbox 223 1809 1178 1899; baseline 0 -23"><span class='ocrx_word' id='word_1_68' title='bbox 223 1810 250 1875; x_wconf 91' lang='lat' dir='ltr'>ti</span> <span class='ocrx_word' id='word_1_69' title='bbox 268 1829 378 1881; x_wconf 87' lang='lat' dir='ltr'>natura</span> <span class='ocrx_word' id='word_1_70' title='bbox 397 1828 430 1879; x_wconf 88' lang='lat' dir='ltr'>et</span> <span class='ocrx_word' id='word_1_71' title='bbox 448 1815 582 1880; x_wconf 87' lang='lat' dir='ltr'>effectus</span> <span class='ocrx_word' id='word_1_72' title='bbox 599 1818 669 1899; x_wconf 83' lang='lat' dir='ltr'>ejus</span> <span class='ocrx_word' id='word_1_73' title='bbox 689 1812 932 1898; x_wconf 82' lang='lat' dir='ltr'>perniciosiores</span> <span class='ocrx_word' id='word_1_74' title='bbox 951 1810 1114 1894; x_wconf 87' lang='lat' dir='ltr'>postulare</span> <span class='ocrx_word' id='word_1_75' title='bbox 1130 1809 1178 1876; x_wconf 83' lang='lat' dir='ltr'>tri·</span> 
     </span>
     <span class='ocr_line' id='line_1_12' title="bbox 223 1950 1179 2041; baseline 0.003 -24"><span class='ocrx_word' id='word_1_76' title='bbox 223 1950 398 2041; x_wconf 84' lang='lat' dir='ltr'>detentur;</span> <span class='ocrx_word' id='word_1_77' title='bbox 416 1957 460 2031; x_wconf 86' lang='lat' dir='ltr'>ita</span> <span class='ocrx_word' id='word_1_78' title='bbox 485 1958 618 2027; x_wconf 81' lang='lat' dir='ltr'>maritus</span> <span class='ocrx_word' id='word_1_79' title='bbox 636 1972 804 2026; x_wconf 85' lang='lat' dir='ltr'>excusatur</span> <span class='ocrx_word' id='word_1_80' title='bbox 820 1955 851 2023; x_wconf 79' lang='lat' dir='ltr'>si</span> <span class='ocrx_word' id='word_1_81' title='bbox 868 1970 999 2020; x_wconf 82' lang='lat' dir='ltr'>uxorem</span> <span class='ocrx_word' id='word_1_82' title='bbox 1019 1965 1081 2018; x_wconf 90' lang='lat' dir='ltr'>una</span> <span class='ocrx_word' id='word_1_83' title='bbox 1104 1970 1179 2020; x_wconf 88' lang='lat' dir='ltr'>curn</span> 
     </span>
     <span class='ocr_line' id='line_1_13' title="bbox 227 2095 1182 2185; baseline 0.002 -25"><span class='ocrx_word' id='word_1_84' title='bbox 227 2095 396 2178; x_wconf 73' lang='lat' dir='ltr'>adultero,</span> <span class='ocrx_word' id='word_1_85' title='bbox 419 2100 451 2166; x_wconf 89' lang='lat' dir='ltr'>in</span> <span class='ocrx_word' id='word_1_86' title='bbox 471 2102 542 2182; x_wconf 88' lang='lat' dir='ltr'>ipsa</span> <span class='ocrx_word' id='word_1_87' title='bbox 561 2101 761 2185; x_wconf 82' lang='lat' dir='ltr'>turpitudine</span> <span class='ocrx_word' id='word_1_88' title='bbox 778 2098 1005 2182; x_wconf 82' lang='lat' dir='ltr'>deprehensam</span> <span class='ocrx_word' id='word_1_89' title='bbox 1028 2095 1065 2161; x_wconf 88' lang='lat' dir='ltr'>in</span> <span class='ocrx_word' id='word_1_90' title='bbox 1082 2097 1182 2162; x_wconf 88' lang='lat' dir='ltr'>domo</span> 
     </span>
     <span class='ocr_line' id='line_1_14' title="bbox 225 2237 1177 2325; baseline 0.006 -27"><span class='ocrx_word' id='word_1_91' title='bbox 225 2238 390 2301; x_wconf 90' lang='lat' dir='ltr'>communi</span> <span class='ocrx_word' id='word_1_92' title='bbox 406 2239 569 2305; x_wconf 89' lang='lat' dir='ltr'>occiderit.</span> <span class='ocrx_word' id='word_1_93' title='bbox 592 2242 635 2308; x_wconf 92' lang='lat' dir='ltr'>C.</span> <span class='ocrx_word' id='word_1_94' title='bbox 648 2243 686 2308; x_wconf 87' lang='lat' dir='ltr'>P.</span> <span class='ocrx_word' id='word_1_95' title='bbox 706 2260 780 2325; x_wconf 81' lang='lat'><strong>324.</strong></span> <span class='ocrx_word' id='word_1_96' title='bbox 793 2239 839 2303; x_wconf 89' lang='lat' dir='ltr'>ita</span> <span class='ocrx_word' id='word_1_97' title='bbox 852 2237 970 2304; x_wconf 85' lang='lat' dir='ltr'>sufficit</span> <span class='ocrx_word' id='word_1_98' title='bbox 990 2238 1177 2304; x_wconf 84' lang='lat' dir='ltr'>adulterium</span> 
     </span>
     <span class='ocr_line' id='line_1_15' title="bbox 227 2358 1181 2462; baseline 0.008 -25"><span class='ocrx_word' id='word_1_99' title='bbox 227 2373 338 2439; x_wconf 87' lang='lat' dir='ltr'>uxoris</span> <span class='ocrx_word' id='word_1_100' title='bbox 363 2377 495 2442; x_wconf 84' lang='lat' dir='ltr'>existere</span> <span class='ocrx_word' id='word_1_101' title='bbox 521 2393 620 2459; x_wconf 77' lang='lat' dir='ltr'>atque</span> <span class='ocrx_word' id='word_1_102' title='bbox 653 2358 871 2462; x_wconf 78' lang='lat' dir='ltr'>probationem</span> <span class='ocrx_word' id='word_1_103' title='bbox 898 2376 965 2442; x_wconf 79' lang='lat' dir='ltr'>ficri</span> <span class='ocrx_word' id='word_1_104' title='bbox 991 2396 1110 2460; x_wconf 85' lang='lat' dir='ltr'>posse,</span> <span class='ocrx_word' id='word_1_105' title='bbox 1145 2397 1181 2446; x_wconf 89' lang='lat' dir='ltr'>ut</span> 
     </span>
     <span class='ocr_line' id='line_1_16' title="bbox 225 2512 1177 2599; baseline 0.004 -19"><span class='ocrx_word' id='word_1_106' title='bbox 225 2513 346 2581; x_wconf 82' lang='lat' dir='ltr'>notioni</span> <span class='ocrx_word' id='word_1_107' title='bbox 370 2517 513 2582; x_wconf 75' lang='lat' dir='ltr'>adulterii</span> <span class='ocrx_word' id='word_1_108' title='bbox 536 2532 649 2588; x_wconf 87' lang='lat' dir='ltr'>contra</span> <span class='ocrx_word' id='word_1_109' title='bbox 678 2539 747 2586; x_wconf 86' lang='lat' dir='ltr'>eam</span> <span class='ocrx_word' id='word_1_110' title='bbox 767 2521 863 2586; x_wconf 89' lang='lat' dir='ltr'>detur</span> <span class='ocrx_word' id='word_1_111' title='bbox 891 2519 1004 2599; x_wconf 83' lang='lat' dir='ltr'>locus,</span> <span class='ocrx_word' id='word_1_112' title='bbox 1021 2512 1100 2584; x_wconf 60' lang='lat' dir='ltr'>&#39;non</span> <span class='ocrx_word' id='word_1_113' title='bbox 1126 2521 1177 2588; x_wconf 80' lang='lat' dir='ltr'>lex</span> 
     </span>
     <span class='ocr_line' id='line_1_17' title="bbox 225 2657 1176 2745; baseline 0.004 -23"><span class='ocrx_word' id='word_1_114' title='bbox 225 2657 350 2725; x_wconf 86' lang='lat' dir='ltr'>easdem</span> <span class='ocrx_word' id='word_1_115' title='bbox 373 2658 655 2744; x_wconf 74' lang='lat' dir='ltr'>circumstantias,</span> <span class='ocrx_word' id='word_1_116' title='bbox 678 2661 797 2745; x_wconf 89' lang='lat' dir='ltr'>quibus</span> <span class='ocrx_word' id='word_1_117' title='bbox 821 2659 970 2744; x_wconf 83' lang='lat' dir='ltr'>probatio</span> <span class='ocrx_word' id='word_1_118' title='bbox 990 2657 1176 2732; x_wconf 79' lang='lat' dir='ltr'>difficillima</span> 
     </span>
     <span class='ocr_line' id='line_1_18' title="bbox 228 2797 1180 2889; baseline 0.003 -20"><span class='ocrx_word' id='word_1_119' title='bbox 228 2797 358 2882; x_wconf 74' lang='lat' dir='ltr'>mittat,</span> <span class='ocrx_word' id='word_1_120' title='bbox 382 2805 538 2888; x_wconf 75' lang='lat' dir='ltr'>requirit,</span> <span class='ocrx_word' id='word_1_121' title='bbox 560 2824 665 2889; x_wconf 86' lang='lat' dir='ltr'>quas,</span> <span class='ocrx_word' id='word_1_122' title='bbox 684 2819 720 2870; x_wconf 91' lang='lat' dir='ltr'>ot</span> <span class='ocrx_word' id='word_1_123' title='bbox 736 2807 774 2871; x_wconf 88' lang='lat' dir='ltr'>de</span> <span class='ocrx_word' id='word_1_124' title='bbox 788 2800 942 2870; x_wconf 85' lang='lat' dir='ltr'>adulterio</span> <span class='ocrx_word' id='word_1_125' title='bbox 965 2801 1067 2875; x_wconf 81' lang='lat' dir='ltr'>mariti</span> <span class='ocrx_word' id='word_1_126' title='bbox 1089 2804 1180 2872; x_wconf 84' lang='lat' dir='ltr'>abu·</span> 
     </span>
     <span class='ocr_line' id='line_1_19' title="bbox 230 2930 1272 3041; baseline 0.005 -35"><span class='ocrx_word' id='word_1_127' title='bbox 230 2957 308 3007; x_wconf 84' lang='lat' dir='ltr'>xore</span> <span class='ocrx_word' id='word_1_128' title='bbox 334 2948 423 3041; x_wconf 77' lang='lat' dir='ltr'>queri</span> <span class='ocrx_word' id='word_1_129' title='bbox 444 2949 571 3028; x_wconf 85' lang='lat' dir='ltr'>possit,</span> <span class='ocrx_word' id='word_1_130' title='bbox 593 2934 701 3014; x_wconf 73' lang='lat' dir='ltr'>adesse</span> <span class='ocrx_word' id='word_1_131' title='bbox 725 2930 964 3030; x_wconf 77' lang='lat' dir='ltr'>jussi13potto</span> <span class='ocrx_word' id='word_1_132' title='bbox 988 2961 1070 3013; x_wconf 86' lang='lat' dir='ltr'>uxor</span> <span class='ocrx_word' id='word_1_133' title='bbox 1092 2945 1184 3017; x_wconf 84' lang='lat' dir='ltr'>adul·</span> <span class='ocrx_word' id='word_1_134' title='bbox 1267 2977 1272 2986; x_wconf 74' lang='lat'>,</span> 
     </span>
     <span class='ocr_line' id='line_1_20' title="bbox 180 3073 1188 3174; baseline 0.014 -30"><span class='ocrx_word' id='word_1_135' title='bbox 180 3138 183 3144; x_wconf 90' lang='lat'><em>.</em></span> <span class='ocrx_word' id='word_1_136' title='bbox 228 3079 300 3156; x_wconf 81' lang='lat' dir='ltr'>terii</span> <span class='ocrx_word' id='word_1_137' title='bbox 318 3073 548 3166; x_wconf 83' lang='lat' dir='ltr'>condemnata,</span> <span class='ocrx_word' id='word_1_138' title='bbox 568 3107 669 3171; x_wconf 90' lang='lat' dir='ltr'>poena</span> <span class='ocrx_word' id='word_1_139' title='bbox 687 3086 822 3152; x_wconf 86' lang='lat' dir='ltr'>afficitur</span> <span class='ocrx_word' id='word_1_140' title='bbox 837 3085 1025 3170; x_wconf 79' lang='lat' dir='ltr'>corporali,</span> <span class='ocrx_word' id='word_1_141' title='bbox 1042 3107 1111 3157; x_wconf 91' lang='lat' dir='ltr'>non</span> <span class='ocrx_word' id='word_1_142' title='bbox 1128 3108 1188 3174; x_wconf 90' lang='lat' dir='ltr'>pe·</span> 
     </span>
     <span class='ocr_line' id='line_1_21' title="bbox 230 3225 1184 3314; baseline 0.008 -23"><span class='ocrx_word' id='word_1_143' title='bbox 230 3225 343 3292; x_wconf 87' lang='lat' dir='ltr'>cuniae</span> <span class='ocrx_word' id='word_1_144' title='bbox 360 3245 515 3296; x_wconf 88' lang='lat' dir='ltr'>summam</span> <span class='ocrx_word' id='word_1_145' title='bbox 528 3229 682 3297; x_wconf 89' lang='lat' dir='ltr'>solvendo</span> <span class='ocrx_word' id='word_1_146' title='bbox 696 3227 883 3313; x_wconf 80' lang='lat' dir='ltr'>defungitur</span> <span class='ocrx_word' id='word_1_147' title='bbox 900 3241 937 3295; x_wconf 88' lang='lat' dir='ltr'>ut</span> <span class='ocrx_word' id='word_1_148' title='bbox 954 3231 1184 3314; x_wconf 83' lang='lat' dir='ltr'>maritus‚.sed</span> 
     </span>
     <span class='ocr_line' id='line_1_22' title="bbox 230 3372 1188 3454; baseline 0 -14"><span class='ocrx_word' id='word_1_149' title='bbox 230 3385 365 3452; x_wconf 81' lang='lat' dir='ltr'>poenam</span> <span class='ocrx_word' id='word_1_150' title='bbox 384 3372 471 3439; x_wconf 86' lang='lat' dir='ltr'>subit</span> <span class='ocrx_word' id='word_1_151' title='bbox 492 3374 626 3440; x_wconf 85' lang='lat' dir='ltr'>carceris</span> <span class='ocrx_word' id='word_1_152' title='bbox 646 3391 702 3454; x_wconf 91' lang='lat' dir='ltr'>per</span> <span class='ocrx_word' id='word_1_153' title='bbox 720 3389 783 3439; x_wconf 87' lang='lat' dir='ltr'>tres</span> <span class='ocrx_word' id='word_1_154' title='bbox 810 3390 932 3438; x_wconf 81' lang='lat' dir='ltr'>meuses</span> <span class='ocrx_word' id='word_1_155' title='bbox 950 3388 1005 3441; x_wconf 81' lang='lat' dir='ltr'>rut</span> <span class='ocrx_word' id='word_1_156' title='bbox 1025 3375 1108 3441; x_wconf 82' lang='lat' dir='ltr'>duos</span> <span class='ocrx_word' id='word_1_157' title='bbox 1125 3391 1188 3440; x_wconf 63' lang='lat' dir='ltr'>an«</span> 
     </span>
     <span class='ocr_line' id='line_1_23' title="bbox 231 3514 1188 3601; baseline -0.003 -16"><span class='ocrx_word' id='word_1_158' title='bbox 231 3531 314 3597; x_wconf 84' lang='lat' dir='ltr'>nos,</span> <span class='ocrx_word' id='word_1_159' title='bbox 337 3516 431 3601; x_wconf 90' lang='lat' dir='ltr'>cujus</span> <span class='ocrx_word' id='word_1_160' title='bbox 450 3534 569 3600; x_wconf 89' lang='lat' dir='ltr'>poenae</span> <span class='ocrx_word' id='word_1_161' title='bbox 588 3517 733 3584; x_wconf 86' lang='lat' dir='ltr'>remissio</span> <span class='ocrx_word' id='word_1_162' title='bbox 752 3520 802 3584; x_wconf 86' lang='lat' dir='ltr'>vei</span> <span class='ocrx_word' id='word_1_163' title='bbox 822 3517 931 3599; x_wconf 89' lang='lat' dir='ltr'>potius</span> <span class='ocrx_word' id='word_1_164' title='bbox 949 3514 1083 3582; x_wconf 83' lang='lat' dir='ltr'>uetitum</span> <span class='ocrx_word' id='word_1_165' title='bbox 1103 3534 1188 3596; x_wconf 86' lang='lat' dir='ltr'>quo·</span> 
     </span>
     <span class='ocr_line' id='line_1_24' title="bbox 232 3653 1182 3739; baseline 0.007 -24"><span class='ocrx_word' id='word_1_166' title='bbox 232 3653 338 3722; x_wconf 87' lang='lat' dir='ltr'>minus</span> <span class='ocrx_word' id='word_1_167' title='bbox 373 3660 519 3729; x_wconf 87' lang='lat' dir='ltr'>effectum</span> <span class='ocrx_word' id='word_1_168' title='bbox 555 3661 665 3726; x_wconf 85' lang='lat' dir='ltr'>habeat</span> <span class='ocrx_word' id='word_1_169' title='bbox 695 3659 946 3737; x_wconf 86' lang='lat' dir='ltr'>condemnatio,</span> <span class='ocrx_word' id='word_1_170' title='bbox 977 3660 1114 3739; x_wconf 88' lang='lat' dir='ltr'>pertinet</span> <span class='ocrx_word' id='word_1_171' title='bbox 1142 3659 1182 3722; x_wconf 86' lang='lat' dir='ltr'>ad</span> 
     </span>
    </p>
   </div>
   <div class='ocr_carea' id='block_1_9' title="bbox 233 3795 1190 4004">
    <p class='ocr_par' dir='ltr' id='par_1_9' title="bbox 233 3795 1190 4004">
     <span class='ocr_line' id='line_1_25' title="bbox 233 3795 1188 3887; baseline 0.001 -26"><span class='ocrx_word' id='word_1_172' title='bbox 233 3795 410 3884; x_wconf 85' lang='lat' dir='ltr'>maritum,</span> <span class='ocrx_word' id='word_1_173' title='bbox 444 3805 474 3869; x_wconf 87' lang='lat' dir='ltr'>si</span> <span class='ocrx_word' id='word_1_174' title='bbox 505 3805 631 3887; x_wconf 85' lang='lat' dir='ltr'>quidem</span> <span class='ocrx_word' id='word_1_175' title='bbox 668 3822 796 3872; x_wconf 79' lang='lat' dir='ltr'>uxorem</span> <span class='ocrx_word' id='word_1_176' title='bbox 826 3799 962 3885; x_wconf 84' lang='lat' dir='ltr'>recipere</span> <span class='ocrx_word' id='word_1_177' title='bbox 989 3800 1024 3868; x_wconf 91' lang='lat' dir='ltr'>in</span> <span class='ocrx_word' id='word_1_178' title='bbox 1056 3803 1188 3866; x_wconf 88' lang='lat' dir='ltr'>domum</span> 
     </span>
     <span class='ocr_line' id='line_1_26' title="bbox 1109 3956 1190 4004; baseline 0.012 -1"><span class='ocrx_word' id='word_1_179' title='bbox 1109 3956 1190 4004; x_wconf 90' lang='lat' dir='ltr'>con·</span> 
     </span>
    </p>
   </div>
   <div class='ocr_carea' id='block_1_10' title="bbox 0 0 1355 4776">
    <p class='ocr_par' dir='ltr' id='par_1_10' title="bbox 0 0 1355 4776">
     <span class='ocr_line' id='line_1_27' title="bbox 0 0 1355 4776; baseline 0 0"><span class='ocrx_word' id='word_1_180' title='bbox 0 0 1355 4776; x_wconf 95' lang='lat' dir='ltr'> </span> 
     </span>
    </p>
   </div>
  </div>
 </body>
</html>
