2662 4776
83 460 91 481 .
187 403 229 489 38
303 395 1002 495 ,n1ssnnnnnloJ-ullrnlcn

99 641 103 648 .
190 593 256 651 test
269 580 405 664 hebere,
422 591 553 662 propter
569 577 774 649 differentiam
784 553 871 663 qnae
893 581 1016 653 existit.
1059 583 1138 654 nla-

187 721 260 789 1imi
296 717 385 805 Juris
425 716 545 792 Gallici
589 719 774 803 interpretes
817 719 1136 805 Delrinconrt,
1189 714 1190 717 ’

187 854 412 939 Toulliet,
440 855 690 938 Ptoudhon,
720 841 901 940 Motiin,
927 857 1060 926 effectur
1087 858 1137 925 di·

186 996 287 1074 nertii
312 995 354 1061 sd
385 994 611 1076 separationem
651 995 716 1092 tori
747 1009 780 1064 et
818 1013 941 1067 mensae
971 997 1060 1080 quod
1095 993 1162 1069 ad·

187 1137 272 1205 hene
298 1152 385 1215 rem,
416 1134 578 1202 extendere
608 1133 803 1218 voluerunt;
833 1132 1059 1210 distinctiones
1087 1146 1136 1199 ta·

187 1293 291 1356 men,
323 1287 403 1353 quas
435 1269 562 1336 admisit
589 1271 807 1356 Toullier,
838 1272 933 1342 nobis
965 1272 1137 1343 admodum

184 1401 366 1496 probandae
390 1405 549 1475 videntur.
594 1407 811 1476 Fundamento
831 1408 980 1476 nituntur
996 1408 1054 1475 hae
1067 1405 1136 1476 diss

185 1547 358 1622 tinctiones
381 1541 529 1627 inprimis
546 1541 738 1615 differentiae
763 1544 957 1630 principali,
976 1533 1057 1630 quae
1086 1544 1136 1611 in·

185 1701 281 1755 terest
306 1685 389 1751 inter
407 1682 580 1755 divortium
599 1699 630 1756 et
649 1685 900 1769 separationem,
919 1701 1031 1767 nempe
1046 1664 1136 1769 qnod

184 1820 475 1909 haecmttrimonii
498 1821 662 1892 vinculum
697 1841 764 1892 non
786 1840 936 1921 rumpet,
958 1824 1040 1892 illud
1059 1839 1138 1889 vero

185 1977 334 2047 sumpst3
346 1961 405 2027 hec
420 1979 494 2027 cnm
511 1926 621 2028 artatur
632 1961 805 2047 hypothesi
821 1965 872 2031 vir
879 1961 1136 2041 eruditissimus,

185 2104 259 2171 inde
284 2099 399 2167 efficite
422 2101 671 2183 separationem,
691 2121 731 2173 ex
748 2121 845 2182 causa
866 2102 1013 2170 adulterii
1038 2101 1142 2181 impe·.

87 2240 89 2250 '
184 2232 321 2318 statem,
343 2234 490 2301 maritum
515 2252 583 2301 non
609 2237 745 2301 liberare
761 2241 802 2303 ab
821 2238 1036 2322 obligatione,
1059 2251 1138 2299 uxo«

80 2360 92 2387 ⁰
187 2375 215 2449 ri
239 2373 389 2442 alimenta
421 2370 600 2452 praetendi,
622 2373 795 2448 secondum
817 2386 880 2442 art.
906 2388 968 2438 nra
986 2389 1025 2437 nn
1048 2388 1135 2452 214,

186 2527 284 2597 atque
311 2510 340 2578 si
362 2475 471 2583 serum
498 2506 543 2574 sit
562 2508 594 2575 in
614 2526 710 2583 cansa
736 2508 865 2577 divortii
891 2510 989 2594 legem
1008 2506 1137 2574 noluis-

185 2671 240 2733 se,
263 2664 300 2716 ut
320 2665 404 2714 uxor
421 2645 597 2731 innocens.
620 2662 753 2731 propter
772 2639 1062 2733 injurIsm‘mariti,
1083 2646 1133 2711 in·

183 2788 339 2873 digentiae
356 2785 441 2853 foret
457 2785 620 2868 obnoxia,
642 2768 751 2853 verum
769 2805 898 2870 quoque
916 2802 965 2852 est
985 2786 1018 2853 in
1037 2801 1134 2856 cansa

183 2925 419 3010 separationis,
447 2937 544 3006 atque
563 2943 603 2998 eo
621 2926 745 3010 magis,
773 2943 846 3002 cum
871 2922 1040 2992 vinculum
1069 2940 1133 3003 mae
1183 3010 1186 3016 Ἰ

182 3063 326 3134 trimonii
344 3060 516 3136 subsistat.
600 3115 602 3117 .

224 3199 261 3273 Ε
292 3200 451 3275 contrario
489 3198 570 3268 idem
600 3187 809 3269 ratiocinandi
841 3201 955 3271 modus
988 3218 1054 3269 non
1085 3211 1137 3269 est

183 3340 399 3415 admittendus
428 3341 463 3408 in
491 3342 705 3424 quaestione,
737 3356 812 3406 num
846 3339 1014 3412 commoda
1040 3336 1137 3419 etism

181 3481 504 3566 post-separationem
533 3498 571 3544 ex
595 3499 690 3546 causa
710 3475 855 3544 adulterii
872 3476 1018 3557 smittst,
1039 3475 1135 3541 mari.

180 3634 260 3701 tus,
279 3620 342 3703 ipsi
362 3621 400 3686 ab
427 3637 524 3687 uxore
541 3620 713 3704 stipulata,
737 3617 786 3684 uti
806 3633 845 3682 es
860 3614 1012 3689 divortio.
1054 3614 1134 3686 Non
1172 3678 1176 3684 ,

1087 3749 1135 3827 ti·
