2662 4776
218 393 259 475 48
359 386 734 462 DISSERTATIO
772 388 1028 478 Jultlurcu

216 573 282 641 sibi
299 572 369 638 vult
393 573 547 640 articulus
567 573 759 659 335lnlhil
787 575 898 656 aliud,
921 576 986 641 nisi
1009 589 1044 640 ut
1067 576 1168 659 impe·

218 715 344 794 diatur,
376 715 549 794 quominus
577 716 738 799 agnitione
773 715 943 781 liberorum
976 717 1172 790 adulterino·

219 873 290 920 rum
318 873 374 936 per
400 854 645 922 instrumentum
672 857 887 921 authenticum
912 856 964 922 his
988 843 1071 942 ipsis
1092 874 1172 920 con·

218 993 363 1061 ferantur
384 995 455 1078 jura
484 998 701 1063 successionis
725 964 807 1079 quae
831 1017 870 1064 ex
898 1013 960 1067 art.
980 1015 1039 1085 757
1061 1011 1092 1061 et
1110 999 1171 1079 758

224 1135 335 1202 liberis
361 1137 558 1203 naturalibus
586 1139 729 1221 legitimo
761 1141 857 1206 modo
885 1138 1001 1222 agnitis
1030 1139 1176 1203 tribuun-

223 1289 278 1344 tur
299 1277 407 1360 (20).
451 1277 529 1344 Non
558 1279 661 1344 voluit
691 1281 764 1358 lex,
795 1297 832 1344 ut
864 1281 939 1360 ille,
963 1248 1193 1361 qui-quoquo·

228 1417 324 1484 modo
356 1415 507 1482 infantem
541 1419 749 1482 adulterinum
782 1417 980 1500 agnoverit,
1024 1417 1176 1481 liberetur

225 1558 264 1624 sb
284 1556 387 1623 alendi
415 1556 633 1640 obligatione,
656 1560 709 1623 cui
735 1580 752 1625 a
777 1575 889 1624 natura
907 1571 956 1621 est
978 1556 1169 1638 adstrictus3

226 1698 318 1766 liberi
336 1693 419 1764 tnim
445 1698 613 1764 adulterini
643 1701 787 1767 homines
812 1713 992 1780 remanent,
1024 1713 1054 1762 et
1086 1696 1178 1778 quis·
1280 1772 1284 1777 .

227 1856 289 1922 que
315 1840 414 1906 horno
441 1839 552 1906 saltem
577 1841 631 1924 jus
662 1842 778 1924 habet,
800 1857 837 1907 ut
864 1841 1001 1922 accipiat
1026 1839 1173 1904 alimenta

223 1980 339 2064 abiis,
360 2001 397 2047 ex
419 1981 538 2064 quibus
561 1996 610 2046 est
638 1999 732 2050 natus
753 1989 820 2073 (ar
835 1985 863 2070 ).
908 1981 1065 2067 Quamuis
1090 1979 1173 2044 enim

226 2123 318 2189 liberi
344 2124 510 2190 adulterini
533 2142 599 2191 non
625 2128 752 2210 possint
768 2126 911 2213 legitimo
942 2123 1038 2190 modo
1063 2137 1180 2204 agnos·

225 2263 278 2344 ci,
300 2277 402 2327 tarnen
427 2281 535 2359 eorum
560 2265 727 2330 existentia
759 2267 927 2350 perspicua
950 2279 1047 2346 atque
1066 2261 1178 2325 incon·

227 2401 383 2469 testabilis
410 2415 516 2485 potest
542 2421 634 2481 esse;
670 2425 707 2471 v.
729 2424 762 2487 g.
792 2408 861 2484 vir,
892 2405 947 2484 qui
971 2404 1052 2466 ‘duas
1087 2400 1179 2463 duxit

229 2563 368 2626 uxores,
391 2544 524 2626 bigamia
544 2563 620 2609 vero
645 2563 710 2611 non
727 2545 904 2628 detegitur,
927 2544 989 2611 nisi
1005 2555 1177 2625 postquam

228 2688 292 2772 jam
319 2686 437 2752 liberos
463 2703 501 2751 ex
524 2687 663 2752 secunda
688 2705 785 2752 uxore
801 2689 997 2772 perceperit,
1019 2699 1103 2766 quos
1128 2703 1183 2765 ag·

231 2824 344 2909 novit3
369 2839 483 2909 sponte
506 2840 616 2908 patet,
637 2825 754 2891 liberos
780 2827 840 2892 hos
869 2845 940 2892 esse
965 2822 1183 2901 adulterinos,

234 2969 291 3052 qui
315 2982 419 3050 petere
447 2981 588 3048 possunt
615 2969 785 3048 alimenta,
813 2988 831 3033 a
858 2982 959 3049 patre.
1002 2968 1086 3032 Haec
1114 2982 1184 3030 om·

231 3110 285 3177 nia
314 3107 409 3174 nobis
441 3124 508 3172 non
540 3106 686 3172 videntur
718 3125 860 3191 pugnare
897 3127 970 3174 cum
1007 3109 1076 3190 iis,
1105 3124 1186 3190 quae
1220 3167 1222 3174 ,

1120 3270 1190 3317 mo·

272 3492 290 3569 (
299 3490 363 3571 ρο)
391 3492 482 3558 Coss.
504 3494 547 3552 Pa
558 3495 566 3551 i
577 3495 686 3555 lliet.
705 3494 828 3552 Manuel
843 3495 879 3553 du
894 3495 970 3552 droit
985 3456 1140 3562 Franfais,
1159 3474 1188 3544 in

237 3599 315 3655 notis
335 3595 369 3652 ad
395 3611 449 3656 art.
469 3611 533 3670 335.

274 3696 367 3774 (ar)
390 3704 422 3760 llll
434 3717 449 3758 e
460 3702 553 3773 tlirr,
574 3699 711 3760 Noureau
726 3699 889 3779 Repertor're
914 3700 967 3760 vo,
979 3696 1103 3770 filiatiott
1119 3707 1185 3770 pag.

235 3813 302 3874 249·
