2662 4776
379 350 930 442 rnauounnnrs
1110 367 1130 436 3

167 546 255 614 vteo,
278 543 315 598 nt
340 552 471 618 scopum
490 554 688 602 communem
704 527 887 619 'attingant,
907 535 950 598 ita
968 533 1074 599 omnia
1090 531 1131 598 ad
1159 576 1164 589 .

185 675 352 756 perniciem
368 678 514 759 ducunt,
530 678 557 742 si
568 677 644 743 fides
657 678 857 761 conjugalis,
872 675 1022 743 violetur.
1045 674 1133 757 Ipsis

185 806 378 899 conjugibus
396 818 489 884 etiam
516 818 640 884 exitiale
659 835 752 897 esse,
775 835 867 882 nemo
893 831 961 896 est,
984 817 1040 895 qui
1064 832 1133 881 non

185 953 358 1042 fatebitur,
383 978 549 1040 quamnam
571 958 654 1024 enim
681 959 824 1042 injuriam
845 954 980 1039 perferre
1000 957 1134 1040 conjugi

183 1094 347 1165 innocenti
370 1099 536 1166 difficilius
546 1113 636 1185 ⁸pst,
660 1120 753 1181 quam
771 1099 935 1181 persuasio
955 1097 1043 1162 illius
1061 1094 1135 1161 fidei

182 1235 339 1320 violatae,
355 1242 408 1305 cui
428 1261 463 1307 se
480 1241 680 1310 matrimonio
689 1243 820 1325 iungere
832 1234 1024 1305 consensit?
1046 1237 1131 1304 Hinc

144 1363 147 1369 ’
182 1377 333 1464 iujuriae,
356 1381 536 1465 molestiae,
560 1382 741 1465 frequentes
756 1397 785 1446 et
808 1381 1052 1452 innumerabiles
1069 1379 1136 1443 dis·

182 1520 330 1605 cordiae,
362 1525 461 1606 prolis
484 1524 675 1590 adulterinae
699 1524 897 1607 periculum,
923 1499 1134 1605 'separationis

183 1663 349 1730 desideria.
393 1666 511 1732 Inutile
540 1667 582 1732 sit
609 1669 771 1749 disputare
800 1666 839 1728 de
868 1664 1006 1747 damno,
1046 1663 1135 1745 quod

182 1805 257 1872 iude
283 1806 414 1887 liberis,
437 1809 492 1890 qui
512 1808 596 1874 forte
615 1809 775 1889 existant,
798 1807 960 1888 imminet3
986 1805 1034 1871 uti
1049 1803 1134 1870 enim

180 1947 362 2013 discordiae
387 1948 470 2013 inter
493 1965 638 2031 parentes
662 1968 785 2031 semper
810 1947 991 2041 educationi
1016 1946 1136 2008 libero·

186 2100 257 2148 rum
273 2096 391 2148 nocent
402 2130 413 2166 ‚
426 2083 470 2150 ita
482 2099 567 2151 tanta
584 2087 804 2165 laesi0,tanta
820 2083 1032 2170 injuria,qua
1044 2098 1148 2146 num·-

184 2243 278 2306 quam
297 2225 362 2290 fere
386 2225 478 2290 datur
497 2225 749 2293 reconciliationi
766 2229 879 2306 locus,
896 2224 1076 2290 necessario
1097 2223 1135 2287 li·

183 2367 330 2434 berorum
352 2369 501 2447 perniciei
526 2388 630 2435 ansam
650 2367 791 2452 praebet.
824 2367 975 2434 Extranei
992 2367 1133 2447 crimen,

126 2580 128 2585 ,
184 2532 251 2593 quo
271 2512 348 2579 fides
370 2511 547 2595 conjugalis
571 2512 730 2590 violatur,
753 2527 836 2575 recte
860 2526 990 2593 quoque
1014 2509 1137 2573 adulte·

183 2652 263 2719 rium
289 2669 443 2736 vocatur3
467 2655 595 2719 alterius
610 2656 664 2740 jus
684 2671 724 2718 ne
747 2654 903 2730 laedatur,
919 2649 1064 2733 negativa
1086 2662 1137 2714 est

183 2797 360 2879 obligatio,
379 2801 527 2877 adquam
546 2796 663 2862 Ethica
681 2812 742 2861 nos
760 2793 939 2876 adstringit.
966 2792 1035 2876 Jam
1049 2792 1136 2857 adest

181 2941 233 3024 jus
253 2943 426 3023 conjugum
448 2935 667 3018 plenissimum
694 2950 724 3000 et
749 2936 974 3013 exclusivum,
994 2933 1082 3013 quod
1097 2932 1137 2997 ad

184 3079 414 3155 concubitum,
443 3081 531 3160 quod
559 3080 613 3164 jus
638 3078 666 3143 si
695 3077 880 3159 infringitur
905 3077 944 3140 ab
969 3090 1136 3152 extraneo,

95 3273 98 3277 .
182 3219 326 3285 adulterii
353 3223 468 3288 crimen
492 3218 716 3289 committitur.
759 3218 833 3285 Hoc
861 3220 959 3300 igitur
983 3232 1019 3282 ut
1047 3232 1136 3281 coer·

183 3378 312 3443 ceatur,
329 3380 395 3438 non
412 3363 545 3430 minoris
556 3360 719 3427 societatis
737 3361 861 3441 ciuilis,
882 3377 974 3440 quam
991 3359 1136 3439 ipsorum

182 3505 360 3589 conjugum
389 3506 540 3589 interest3
570 3522 682 3571 omnes
708 3505 773 3569 fere
797 3504 911 3586 populi
933 3520 968 3567 ac
990 3509 1136 3582 gentesa

183 3645 314 3719 crimine
328 3647 471 3721 adulterii
479 3645 731 3726 abhorruerunt,
747 3648 909 3727 variisque
923 3643 1038 3729 poenis
1049 3660 1139 3709 coer·

690 3792 719 3853 A
743 3806 762 3852 a
1060 3802 1139 3850 cuca
