2662 4776
185 384 228 453 72
327 349 700 429 nrssuuuurro
737 348 1001 448 Junrnrca

123 555 125 559 ’
186 567 262 641 yero
284 545 373 631 ejus,
403 513 544 628 quocum
575 544 763 611 adulterium
789 547 975 628 commisit,
1005 530 1136 628 probari

183 703 250 755 non
276 696 404 768 potest,
435 681 501 749 nisi
525 681 569 749 sit
594 683 808 766 deprehensus
831 687 865 752 iu
890 684 961 767 ipsa
990 682 1134 766 turpitu-

183 825 278 901 dine,
300 836 397 905 atque
420 835 577 918 praeterea
603 837 643 885 ex
665 820 813 904 litteris,
843 812 924 904 quas
952 821 1023 903 ipse
1056 835 1132 885 reus
1172 910 1174 915 Ι
1264 848 1269 854 ·

182 959 408 1044 conscripserit
429 957 534 1042 (26).
577 956 807 1042 Nobistamen
833 958 960 1027 videtur
982 959 1046 1024 hoc
1071 973 1127 1024 ca·

181 1118 223 1167 au
253 1097 358 1165 mariti
382 1095 633 1180 indulgentiam,
673 1114 736 1177 qua
761 1098 801 1164 ab
829 1115 948 1180 uxore,
984 1093 1133 1162 adulterii

183 1236 412 1316 condemnata,
434 1251 568 1326 poenam
592 1235 802 1303 constitutam
821 1248 941 1316 arceat,
962 1233 1135 1300 extenden-

182 1373 252 1438 dam
275 1387 342 1437 uon
365 1387 436 1434 esse
460 1371 499 1434 ad
523 1369 621 1434 alium
645 1387 774 1453 casum;
801 1390 897 1453 quare
924 1375 1007 1438 emm
1037 1369 1133 1435 mari·

179 1523 221 1576 to
242 1508 378 1573 facultas
409 1517 460 1571 est
485 1521 660 1586 concessa,
688 1506 866 1596 remittendi
890 1506 1132 1595 condemnatio·
1189 1603 1192 1607 .

181 1662 275 1726 nem,
316 1656 426 1710 contra
454 1659 583 1708 uxorem
607 1642 868 1738 pronuntiatam?
898 1661 1007 1710 nonne
1031 1663 1133 1728 prop·

184 1794 266 1847 terea
289 1793 341 1845 est
363 1780 458 1859 duta,
481 1791 518 1843 ιιι
541 1797 605 1861 pax
633 1778 808 1847 domestica
832 1748 1045 1851 restituatur?
1064 1783 1138 1870 Janr

185 1935 252 1986 uon
274 1929 384 1998 potest
409 1917 472 1982 hoc
498 1915 559 1982 illi-
579 1915 754 1993 conducere
778 1935 921 1998 quocum
947 1883 1139 2000 adulterium

188 2054 397 2138 commissum
414 2065 486 2136 ειη
504 2069 571 2120 nou
589 2052 673 2120 enim
691 2055 782 2134 quod
798 2056 910 2122 attinet
927 2057 1070 2124 adillum
1088 2074 1141 2123 ea·

158 2192 257 2257 ,dem
295 2189 406 2255 existit
436 2190 540 2255 ratior
570 2208 588 2254 a
618 2189 797 2258 ministerio
827 2193 963 2275 publico
995 2195 1142 2279 legitimo

186 2325 284 2392 modo
317 2337 368 2388 est
395 2333 593 2405 accusatus,
632 2338 728 2407 atque
758 2345 777 2415 a
812 2328 964 2396 tribunali
999 2330 1143 2415 legitimo

170 2460 285 2528 modo
316 2458 545 2524 condemnatus
560 2480 578 2540 3-
613 2461 888 2529 condemnationis
916 2464 1051 2530 effectus
1080 2467 1145 2549 igi·
1189 2443 1194 2446 ⁴
1230 2547 1232 2551 Ι

186 2613 263 2679 tur,
293 2595 383 2679 quod
413 2595 453 2660 ad
481 2612 553 2660 eum
580 2593 701 2694 debent*
722 2597 910 2680 procedere,
940 2612 1039 2683 atque
1063 2619 1145 2683 poe·

193 2750 277 2817 nas,
298 2734 367 2834 lege
381 2731 594 2815 constitutas,
625 2732 674 2797 illi
698 2744 748 2798 est
768 2734 996 2818 subeundum,
1016 2736 1143 2807 etiamsi

190 2873 324 2938 maritus
347 2887 500 2950 uxorem,
520 2885 680 2942 excausa
703 2870 851 2937 adulterii
878 2876 1139 2961 condemnatam,
1210 2923 1212 2926 <

83 2998 90 3011 “
188 3005 345 3088 recipiat,
373 3004 493 3069 etiamsi
519 3002 559 3068 ad
582 3005 690 3074 uxoris
716 3009 892 3077 adulterum
910 3008 1141 3097 indulgentiam

191 3143 355 3212 extendere
381 3139 450 3224 ipse
474 3117 605 3207 maritus
631 3143 721 3212 velit.

167 3339 171 3344 .
231 3279 306 3349 Una
331 3290 475 3360 superest
497 3279 662 3362 quaestio,
693 3300 758 3350 non
786 3283 934 3369 indigna,
965 3301 1047 3368 quae
1073 3301 1146 3356 exa·

1073 3444 1137 3492 mr·

230 3593 248 3666 (
257 3592 323 3676 ro)
350 3596 421 3660 Are.
439 3597 472 3661 C.
489 3599 523 3660 Ρ.
544 3600 607 3671 ³38.
