2670 4778
185 392 231 461 86
319 391 693 462 nissuRanto
734 393 998 482 Jultmrcs

186 576 333 662 intcgra3
353 577 417 661 jans
437 574 533 641 nobis
544 576 669 645 videtur
679 577 708 641 is
724 594 839 643 sensus
849 596 921 645 csse
938 580 1136 668 articuligrn

184 719 233 790 C.
255 721 296 790 C.
325 735 355 785 et
382 716 576 800 legislatoris
602 722 771 800 voluntas,
803 735 840 786 ut
863 738 929 786 non
961 721 1024 788 nisi
1041 721 1138 803 ihere-

184 863 242 930 des
254 861 389 946 legitimi
404 861 631 942 admittantur,
655 860 810 946 legatarii
825 878 1012 943 arceantur,
1034 882 1136 946 prop·

184 1015 235 1070 ter
255 1003 387 1071 effectus
412 1004 515 1068 multo
539 1003 781 1087 damnosiores,
818 1005 876 1087 qui
911 1022 950 1070 err
976 1017 1062 1069 statu
1086 1007 1139 1071 in·

183 1142 283 1212 finds
298 1147 452 1231 legitimi,
466 1145 532 1210 illis
543 1164 637 1228 quam
656 1146 706 1211 his
723 1147 961 1229 impenderent,
986 1161 1017 1211 et
1038 1164 1137 1229 prop·

185 1299 237 1353 ter
273 1287 413 1352 favorem
431 1316 439 1331 τ’
458 1287 626 1353 heredibus
658 1289 697 1353 ab
730 1289 880 1354 intestato
918 1302 1137 1366 concessum,

183 1427 244 1512 qui
271 1427 390 1510 passim
421 1430 456 1496 in
486 1423 571 1513 Jure'
599 1426 721 1493 Gallico
748 1427 908 1512 occurrit,
939 1445 1004 1493 non
1037 1426 1138 1510 igitur

181 1570 350 1654 probabile
375 1583 448 1653 est,
476 1567 634 1652 legatariis
660 1585 796 1652 quoque
818 1586 1007 1637 eoncessum
1042 1585 1136 1648 esse,

183 1711 274 1794 quod
300 1711 468 1779 heredibus
493 1724 615 1778 tanturn
634 1708 769 1778 concedi
792 1711 937 1793 videtur3
961 1727 1028 1776 non
1051 1711 1136 1777 eninr

182 1853 249 1922 uisi
272 1852 313 1919 ds
339 1852 508 1919 heredibus
538 1853 684 1936 loquitur
708 1868 769 1920 art.
795 1873 870 1939 317.
914 1853 1074 1920 Praeterea
1091 1855 1133 1920 ad

76 2094 78 2099 y
184 1995 273 2062 bunc
297 1997 465 2065 articulum
499 1993 597 2062 nobis
625 1993 856 2062 observandum
882 1997 1032 2077 videtur,
1062 1995 1135 2062 inde

183 2137 260 2203 duci
282 2156 381 2220 posse
403 2136 686 2221 consequentiam,
707 2139 825 2206 liberos
856 2141 1016 2224 legitimos
1037 2156 1135 2222 possa

185 2278 228 2344 sd
243 2293 362 2344 certum
382 2279 511 2344 modum
530 2276 686 2345 actionem
707 2280 852 2356 adulterii
875 2281 1039 2348 instituere
1057 2297 1136 2344 con-

185 2432 235 2486 trs
251 2432 400 2499 mtrem,
420 2432 517 2500 atque
542 2418 694 2500 heredes,
716 2423 745 2486 si
764 2420 853 2487 liberi
873 2422 998 2498 desint,
1020 2433 1134 2484 contra

185 2579 315 2628 uxorem
339 2555 505 2639 defuncti,
527 2574 567 2624 ex
585 2576 648 2639 eo,
672 2560 760 2640 quod
781 2559 896 2626 infanti
917 2576 1009 2641 quern
1031 2576 1134 2638 uxor,

186 2716 292 2769 suste
317 2700 543 2781 matrimonio,
564 2704 769 2784 conceperit,
790 2715 907 2766 statum
934 2700 1065 2767 infantis
1091 2702 1136 2765 lc«
1239 2784 1242 2791 ¹

185 2844 290 2931 girini
309 2845 410 2913 velint
435 2840 581 2925 auferre,
602 2856 635 2908 at
658 2843 735 2912 haec
758 2858 834 2910 sunt
864 2859 927 2909 art·
947 2841 994 2923 C,
1016 2841 1052 2911 P.
1076 2840 1138 2925 33⁶

186 2986 364 3067 commis,
386 3001 455 3067 quo
482 2984 597 3050 marito
621 2986 809 3052 conceditur
829 2987 884 3070 jus
900 2984 1078 3052 accusandi
1096 3001 1133 3048 u·

185 3143 298 3227 notens,
312 3126 481 3209 adulterii3
504 3126 560 3192 sed
580 3124 774 3212 objicimus,
796 3127 915 3193 liberos
937 3126 987 3190 vel
1010 3125 1137 3190 heredes

184 3268 429 3343 annectionem
456 3266 598 3335 sdulterii
622 3265 814 3350 instituere,
845 3267 902 3335 sed
917 3317 921 3323 .
935 3286 990 3334 eos
1014 3280 1137 3333 tanturn

185 3416 341 3483 actionem
371 3409 538 3475 instituere
566 3407 716 3493 civilem,
747 3424 783 3474 ut
814 3411 867 3494 jus
894 3428 988 3477 suunt
1012 3409 1137 3475 salvum

184 3555 318 3625 babeant
341 3554 432 3653 (7).
473 3550 630 3617 Praeterea
656 3552 783 3617 articuli
807 3527 868 3639 319
893 3567 924 3623 et
945 3568 1006 3637 317
1028 3551 1072 3619 C.
1092 3551 1137 3625 C.

1065 3694 1138 3766 mil·

221 3875 289 3969 (Ζ)
309 3877 397 3937 Conf.
417 3893 489 3954 quac
507 3877 632 3939 diximus
652 3875 687 3934 ad
706 3876 789 3946 finem
811 3878 913 3954 capitis
935 3875 1107 3949 superioris,
