2662 4776
380 378 911 455 rnnnoonnnrs
1048 336 1125 473 'm

182 583 307 647 annos,
342 564 435 649 cujus
469 579 591 643 poenae
622 562 767 630 remissio
800 565 934 647 pertinet
965 568 1005 633 ad
1032 570 1124 637 mari·

181 718 252 772 tum
271 707 384 791 (19)a
406 717 564 788 praeterea
580 703 656 785 ille,
678 722 817 786 quocum
836 708 1021 775 adulterium
1036 728 1141 776 eom·-

185 844 306 912 miserit
329 859 430 926 uxor,
450 842 555 908 eadem
584 859 686 925 poena
703 839 859 945 afficitur,
882 857 978 926 atque
995 864 1124 929 quoque

182 980 392 1064 pecuniariam
415 980 478 1047 init
507 991 636 1045 centum
663 995 767 1061 nsque
792 981 832 1046 ad
856 981 907 1048 bis
936 981 1022 1048 mille
1042 985 1129 1050 fran.

178 1135 289 1184 eorum
311 1118 424 1204 (ao).

183 1274 185 1279 ’
224 1253 372 1329 Effectus
390 1274 491 1338 vero,
514 1255 572 1357 qni
592 1267 772 1337 sequuntur
787 1256 978 1340 divortium,
1001 1276 1040 1323 ex
1058 1268 1132 1325 c'an·

183 1411 220 1461 sa
247 1391 393 1459 adulterii
422 1394 645 1478 impetratum,
675 1410 775 1475 aeque
801 1393 932 1494 acilii,
962 1395 1019 1476 qui
1041 1397 1129 1480 jam,

184 1530 227 1596 ob
278 1543 339 1596 ent
357 1530 483 1597 actione
510 1532 641 1598 divortii
668 1531 839 1613 instituta,
871 1550 1002 1613 quoqne
1037 1533 1133 1597 utris·

182 1685 205 1748 q
240 1665 472 1731 :sectionibus
500 1685 686 1734 communes
710 1680 806 1749 sunt;
839 1674 956 1749 modo,
986 1669 1042 1735 ubi
1071 1669 1133 1737 hoo

213 1803 251 1870 ‚ri
276 1801 424 1883 debebit,
456 1803 612 1870 vocabula
638 1824 722 1872 uxor
751 1818 792 1870 et
813 1808 954 1872 maritus
983 1822 1131 1889 transpo-

209 1949 322 2023 amns,
346 1942 440 2006 iocus
468 1942 557 2008 iliius
587 1940 763 2021 sectionis,
795 1961 862 2023 quo
883 1943 922 2007 de
938 1942 990 2007 his
1010 1942 1132 2009 effecti·

183 2079 249 2145 bus
277 2076 408 2161 agitur,
430 2068 653 2159 quoque'huic
678 2078 812 2144 sectioni
836 2078 894 2143 erit
914 2081 1133 2146 accommoda-

183 2232 225 2285 ta.
269 2214 415 2284 affectus
428 2261 446 2296 ,Α
465 2216 603 2296 quinon
620 2215 683 2281 nisi
708 2215 784 2282 huic
809 2216 946 2281 sectioni
964 2231 1042 2282 sunt
1059 2236 1134 2303 pro·

185 2356 269 2440 prii,
294 2368 419 2422 tantum
441 2367 606 2419 versantur
631 2354 715 2420 cirea
742 2371 887 2436 poenas,
918 2355 1014 2421 uxori
1041 2354 1133 2420 adul·

68 2542 71 2553 .
182 2507 265 2561 terae
294 2487 510 2571 constitutas,
540 2507 599 2556 nec
622 2508 688 2557 non
714 2489 784 2574 ilii,
808 2491 865 2575 qni
885 2493 994 2560 delicti
1025 2493 1135 2558 uxoris

51 2596 57 2624 i

184 2633 250 2698 fnit
276 2630 409 2709 socins;
431 2627 679 2711 disputationem
706 2629 804 2712 igitur‘
824 2616 863 2694 de
885 2631 950 2696 iilis
977 2629 1150 2698 institam.

182 2787 268 2839 raus.

106 2937 109 2941 ·
190 2960 194 2966 .
230 2906 334 2975 Simul
361 2918 458 2986 atque
485 2904 585 2991 igitur
605 2905 776 2974 divortium
800 2906 1014 2989 impetraverit
1042 2908 1137 2973 mari.

188 3061 310 3119 tuaex
337 3062 434 3112 cansa
460 3043 604 3111 adulterii
624 3045 756 3129 axoris,
778 3048 855 3112 haee
883 3045 989 3110 eodem
1013 3047 1136 3132 judicio

192 3201 223 3252 et
259 3196 391 3267 rogante
426 3180 603 3268 ministerio
638 3183 798 3270 publico,
836 3185 1060 3253 condemnatur
1095 3187 1135 3249 ad

1062 3338 1139 3409 POe·

220 3536 238 3610 (
251 3533 309 3609 ¹9)
339 3537 377 3595 C.
398 3535 431 3592 Ρ.
450 3547 503 3594 art.
523 3549 588 3610 337.
637 3501 641 3507 Δ

222 3633 314 3716 (ao)
345 3640 383 3700 C.
404 3637 437 3699 Ρ.
456 3653 510 3699 art.
528 3639 593 3711 338.

699 3767 714 3832 1
736 3782 754 3846 ³
