<?xml version="1.0" encoding="UTF-8"?>
<!DOCTYPE html PUBLIC "-//W3C//DTD XHTML 1.0 Transitional//EN"
    "http://www.w3.org/TR/xhtml1/DTD/xhtml1-transitional.dtd">
<html xmlns="http://www.w3.org/1999/xhtml" xml:lang="en" lang="en">
 <head>
  <title>
</title>
<meta http-equiv="Content-Type" content="text/html;charset=utf-8" />
  <meta name='ocr-system' content='tesseract 3.04.00' />
  <meta name='ocr-capabilities' content='ocr_page ocr_carea ocr_par ocr_line ocrx_word'/>
</head>
<body>
  <div class='ocr_page' id='page_1' title='image "./deadulteriosecu00weldgoog_0078.png"; bbox 0 0 2662 4776; ppageno 0'>
   <div class='ocr_carea' id='block_1_1' title="bbox 311 368 1137 497">
    <p class='ocr_par' dir='ltr' id='par_1_1' title="bbox 311 368 1137 497">
     <span class='ocr_line' id='line_1_1' title="bbox 311 368 1137 497; baseline 0.007 -29"><span class='ocrx_word' id='word_1_1' title='bbox 311 368 915 491; x_wconf 71' lang='lat' dir='ltr'>·1nnuonaarrs</span> <span class='ocrx_word' id='word_1_2' title='bbox 1050 429 1137 497; x_wconf 39' lang='lat' dir='ltr'>*p</span> 
     </span>
    </p>
   </div>
   <div class='ocr_carea' id='block_1_2' title="bbox 97 573 1197 3646">
    <p class='ocr_par' dir='ltr' id='par_1_2' title="bbox 174 573 1136 1235">
     <span class='ocr_line' id='line_1_2' title="bbox 179 573 1133 670; baseline 0.012 -20"><span class='ocrx_word' id='word_1_3' title='bbox 179 573 284 652; x_wconf 73' lang='lat' dir='ltr'>&#39;tnodo</span> <span class='ocrx_word' id='word_1_4' title='bbox 307 580 466 668; x_wconf 78' lang='lat' dir='ltr'><strong>diximus,</strong></span> <span class='ocrx_word' id='word_1_5' title='bbox 488 603 555 654; x_wconf 90' lang='lat' dir='ltr'>non</span> <span class='ocrx_word' id='word_1_6' title='bbox 583 601 681 669; x_wconf 87' lang='lat' dir='ltr'>posse</span> <span class='ocrx_word' id='word_1_7' title='bbox 704 604 810 670; x_wconf 85' lang='lat' dir='ltr'>petere</span> <span class='ocrx_word' id='word_1_8' title='bbox 837 589 955 656; x_wconf 88' lang='lat' dir='ltr'>liberos</span> <span class='ocrx_word' id='word_1_9' title='bbox 984 592 1133 661; x_wconf 87' lang='lat' dir='ltr'>adulteri·</span> 
     </span>
     <span class='ocr_line' id='line_1_3' title="bbox 176 718 1134 812; baseline 0.011 -19"><span class='ocrx_word' id='word_1_10' title='bbox 176 718 247 794; x_wconf 68' lang='lat' dir='ltr'>&#39;nos</span> <span class='ocrx_word' id='word_1_11' title='bbox 270 729 438 808; x_wconf 82' lang='lat' dir='ltr'>alimenta,</span> <span class='ocrx_word' id='word_1_12' title='bbox 459 728 522 795; x_wconf 84' lang='lat' dir='ltr'>nisi</span> <span class='ocrx_word' id='word_1_13' title='bbox 549 729 692 812; x_wconf 80' lang='lat' dir='ltr'>ajudice</span> <span class='ocrx_word' id='word_1_14' title='bbox 716 731 884 798; x_wconf 87' lang='lat' dir='ltr'>adulterini</span> <span class='ocrx_word' id='word_1_15' title='bbox 906 733 973 799; x_wconf 84' lang='lat' dir='ltr'>sint</span> <span class='ocrx_word' id='word_1_16' title='bbox 998 735 1134 804; x_wconf 76' lang='lat' dir='ltr'>declara·</span> 
     </span>
     <span class='ocr_line' id='line_1_4' title="bbox 174 852 1134 964; baseline 0.009 -31"><span class='ocrx_word' id='word_1_17' title='bbox 174 852 234 950; x_wconf 78' lang='lat' dir='ltr'>³tt,</span> <span class='ocrx_word' id='word_1_18' title='bbox 264 886 336 938; x_wconf 88' lang='lat' dir='ltr'>nam</span> <span class='ocrx_word' id='word_1_19' title='bbox 369 862 463 936; x_wconf 79' lang='lat' dir='ltr'>casus</span> <span class='ocrx_word' id='word_1_20' title='bbox 486 873 565 938; x_wconf 79' lang='lat' dir='ltr'>sunt</span> <span class='ocrx_word' id='word_1_21' title='bbox 589 870 730 955; x_wconf 72' lang='lat' dir='ltr'>diversi,</span> <span class='ocrx_word' id='word_1_22' title='bbox 765 853 818 938; x_wconf 86' lang='lat' dir='ltr'>hic</span> <span class='ocrx_word' id='word_1_23' title='bbox 840 872 968 940; x_wconf 84' lang='lat' dir='ltr'>obstant</span> <span class='ocrx_word' id='word_1_24' title='bbox 993 889 1053 948; x_wconf 86' lang='lat' dir='ltr'>art.</span> <span class='ocrx_word' id='word_1_25' title='bbox 1073 893 1134 964; x_wconf 83' lang='lat'>340</span> 
     </span>
     <span class='ocr_line' id='line_1_5' title="bbox 185 1012 1136 1100; baseline 0.012 -26"><span class='ocrx_word' id='word_1_26' title='bbox 185 1023 217 1074; x_wconf 89' lang='lat' dir='ltr'>et</span> <span class='ocrx_word' id='word_1_27' title='bbox 247 1018 332 1096; x_wconf 76' lang='lat'>342,</span> <span class='ocrx_word' id='word_1_28' title='bbox 359 1013 459 1077; x_wconf 86' lang='lat' dir='ltr'>sede</span> <span class='ocrx_word' id='word_1_29' title='bbox 490 1012 670 1094; x_wconf 87' lang='lat' dir='ltr'>contrario,</span> <span class='ocrx_word' id='word_1_30' title='bbox 702 1014 732 1078; x_wconf 90' lang='lat' dir='ltr'>si</span> <span class='ocrx_word' id='word_1_31' title='bbox 758 1012 883 1098; x_wconf 82' lang='lat' dir='ltr'><strong>agnitio</strong></span> <span class='ocrx_word' id='word_1_32' title='bbox 906 1016 1136 1100; x_wconf 18' lang='lat' dir='ltr'>jamaexistat,</span> 
     </span>
     <span class='ocr_line' id='line_1_6' title="bbox 184 1151 942 1235; baseline 0.009 -18"><span class='ocrx_word' id='word_1_33' title='bbox 184 1151 304 1217; x_wconf 89' lang='lat' dir='ltr'>nuliam</span> <span class='ocrx_word' id='word_1_34' title='bbox 331 1152 544 1219; x_wconf 88' lang='lat' dir='ltr'>difficultatem</span> <span class='ocrx_word' id='word_1_35' title='bbox 572 1155 721 1235; x_wconf 84' lang='lat' dir='ltr'>praebent</span> <span class='ocrx_word' id='word_1_36' title='bbox 742 1155 777 1220; x_wconf 88' lang='lat' dir='ltr'>ni</span> <span class='ocrx_word' id='word_1_37' title='bbox 800 1156 942 1224; x_wconf 74' lang='lat' dir='ltr'>articuli·</span> 
     </span>
    </p>

    <p class='ocr_par' dir='ltr' id='par_1_3' title="bbox 97 1291 1197 3646">
     <span class='ocr_line' id='line_1_7' title="bbox 227 1291 1131 1376; baseline 0.012 -20"><span class='ocrx_word' id='word_1_38' title='bbox 227 1291 328 1357; x_wconf 88' lang='lat' dir='ltr'>Recte</span> <span class='ocrx_word' id='word_1_39' title='bbox 353 1311 505 1376; x_wconf 87' lang='lat' dir='ltr'>quoque,—</span> <span class='ocrx_word' id='word_1_40' title='bbox 528 1315 600 1360; x_wconf 90' lang='lat' dir='ltr'>cum</span> <span class='ocrx_word' id='word_1_41' title='bbox 626 1297 664 1360; x_wconf 92' lang='lat' dir='ltr'>de</span> <span class='ocrx_word' id='word_1_42' title='bbox 688 1311 775 1363; x_wconf 83' lang='lat' dir='ltr'>statu</span> <span class='ocrx_word' id='word_1_43' title='bbox 807 1296 977 1364; x_wconf 89' lang='lat' dir='ltr'>liberorum</span> <span class='ocrx_word' id='word_1_44' title='bbox 1007 1302 1131 1367; x_wconf 84' lang='lat' dir='ltr'>aduite-</span> 
     </span>
     <span class='ocr_line' id='line_1_8' title="bbox 183 1416 1133 1520; baseline 0.008 -21"><span class='ocrx_word' id='word_1_45' title='bbox 183 1435 345 1516; x_wconf 85' lang='lat' dir='ltr'>rinorum,</span> <span class='ocrx_word' id='word_1_46' title='bbox 363 1416 507 1518; x_wconf 86' lang='lat' dir='ltr'>respectu</span> <span class='ocrx_word' id='word_1_47' title='bbox 528 1436 651 1517; x_wconf 88' lang='lat' dir='ltr'>patris,</span> <span class='ocrx_word' id='word_1_48' title='bbox 669 1437 891 1519; x_wconf 87' lang='lat' dir='ltr'>disputemus,</span> <span class='ocrx_word' id='word_1_49' title='bbox 906 1442 1052 1520; x_wconf 82' lang='lat' dir='ltr'>quaestio</span> <span class='ocrx_word' id='word_1_50' title='bbox 1074 1460 1133 1507; x_wconf 92' lang='lat' dir='ltr'>no·</span> 
     </span>
     <span class='ocr_line' id='line_1_9' title="bbox 184 1573 1197 1661; baseline 0.008 -23"><span class='ocrx_word' id='word_1_51' title='bbox 184 1573 235 1640; x_wconf 91' lang='lat' dir='ltr'>bis</span> <span class='ocrx_word' id='word_1_52' title='bbox 262 1577 432 1659; x_wconf 82' lang='lat' dir='ltr'>objicitur,</span> <span class='ocrx_word' id='word_1_53' title='bbox 466 1579 549 1658; x_wconf 91' lang='lat' dir='ltr'>quid</span> <span class='ocrx_word' id='word_1_54' title='bbox 570 1577 615 1642; x_wconf 89' lang='lat' dir='ltr'>sit</span> <span class='ocrx_word' id='word_1_55' title='bbox 644 1577 811 1657; x_wconf 77' lang='lat' dir='ltr'>dicendum</span> <span class='ocrx_word' id='word_1_56' title='bbox 836 1579 874 1642; x_wconf 93' lang='lat' dir='ltr'>de</span> <span class='ocrx_word' id='word_1_57' title='bbox 900 1579 1024 1661; x_wconf 89' lang='lat' dir='ltr'>liberis,</span> <span class='ocrx_word' id='word_1_58' title='bbox 1050 1601 1132 1661; x_wconf 88' lang='lat' dir='ltr'>quos</span> <span class='ocrx_word' id='word_1_59' title='bbox 1195 1631 1197 1634; x_wconf 77' lang='lat'><em>.</em></span> 
     </span>
     <span class='ocr_line' id='line_1_10' title="bbox 183 1718 1133 1803; baseline 0.011 -23"><span class='ocrx_word' id='word_1_60' title='bbox 183 1719 395 1800; x_wconf 83' lang='lat' dir='ltr'>procreaverit</span> <span class='ocrx_word' id='word_1_61' title='bbox 430 1718 586 1800; x_wconf 79' lang='lat' dir='ltr'>maritus,</span> <span class='ocrx_word' id='word_1_62' title='bbox 617 1731 720 1783; x_wconf 89' lang='lat' dir='ltr'>stante</span> <span class='ocrx_word' id='word_1_63' title='bbox 752 1720 877 1800; x_wconf 88' lang='lat' dir='ltr'>quidem</span> <span class='ocrx_word' id='word_1_64' title='bbox 910 1724 1133 1803; x_wconf 85' lang='lat' dir='ltr'>matrimoni0,</span> 
     </span>
     <span class='ocr_line' id='line_1_11' title="bbox 97 1843 1133 1943; baseline 0.001 -16"><span class='ocrx_word' id='word_1_65' title='bbox 97 1913 100 1927; x_wconf 84' lang='lat'>.</span> <span class='ocrx_word' id='word_1_66' title='bbox 186 1859 241 1924; x_wconf 82' lang='lat' dir='ltr'>sed</span> <span class='ocrx_word' id='word_1_67' title='bbox 273 1859 509 1926; x_wconf 83' lang='lat' dir='ltr'>cohabitatione</span> <span class='ocrx_word' id='word_1_68' title='bbox 542 1875 707 1940; x_wconf 82' lang='lat' dir='ltr'>cessante,</span> <span class='ocrx_word' id='word_1_69' title='bbox 744 1843 875 1941; x_wconf 87' lang='lat' dir='ltr'>propter</span> <span class='ocrx_word' id='word_1_70' title='bbox 904 1865 1133 1943; x_wconf 87' lang='lat' dir='ltr'>separationem</span> 
     </span>
     <span class='ocr_line' id='line_1_12' title="bbox 185 2000 1163 2082; baseline 0.003 -18"><span class='ocrx_word' id='word_1_71' title='bbox 185 2000 308 2065; x_wconf 85' lang='lat' dir='ltr'>toriae</span> <span class='ocrx_word' id='word_1_72' title='bbox 339 2018 484 2082; x_wconf 89' lang='lat' dir='ltr'>mensae;</span> <span class='ocrx_word' id='word_1_73' title='bbox 516 2000 554 2065; x_wconf 90' lang='lat' dir='ltr'>ab</span> <span class='ocrx_word' id='word_1_74' title='bbox 581 2019 644 2064; x_wconf 90' lang='lat' dir='ltr'>una</span> <span class='ocrx_word' id='word_1_75' title='bbox 671 2013 761 2081; x_wconf 85' lang='lat' dir='ltr'>parte</span> <span class='ocrx_word' id='word_1_76' title='bbox 784 2000 901 2064; x_wconf 90' lang='lat' dir='ltr'>dicitur</span> <span class='ocrx_word' id='word_1_77' title='bbox 927 2020 994 2068; x_wconf 91' lang='lat' dir='ltr'>non</span> <span class='ocrx_word' id='word_1_78' title='bbox 1028 2003 1163 2068; x_wconf 87' lang='lat' dir='ltr'>adesse</span> 
     </span>
     <span class='ocr_line' id='line_1_13' title="bbox 185 2140 1138 2224; baseline 0.003 -17"><span class='ocrx_word' id='word_1_79' title='bbox 185 2141 315 2207; x_wconf 87' lang='lat' dir='ltr'>domum</span> <span class='ocrx_word' id='word_1_80' title='bbox 343 2160 564 2224; x_wconf 85' lang='lat' dir='ltr'>communem,</span> <span class='ocrx_word' id='word_1_81' title='bbox 586 2160 652 2208; x_wconf 92' lang='lat' dir='ltr'>non</span> <span class='ocrx_word' id='word_1_82' title='bbox 673 2140 772 2222; x_wconf 82' lang='lat' dir='ltr'>igitur</span> <span class='ocrx_word' id='word_1_83' title='bbox 803 2155 909 2222; x_wconf 88' lang='lat' dir='ltr'>potest</span> <span class='ocrx_word' id='word_1_84' title='bbox 932 2145 1064 2209; x_wconf 88' lang='lat' dir='ltr'>maritos</span> <span class='ocrx_word' id='word_1_85' title='bbox 1083 2144 1138 2210; x_wconf 86' lang='lat' dir='ltr'>ad·</span> 
     </span>
     <span class='ocr_line' id='line_1_14' title="bbox 186 2282 1139 2374; baseline -0.004 -26"><span class='ocrx_word' id='word_1_86' title='bbox 186 2285 334 2351; x_wconf 83' lang='lat' dir='ltr'>ultorium</span> <span class='ocrx_word' id='word_1_87' title='bbox 358 2285 574 2365; x_wconf 89' lang='lat' dir='ltr'>committere,</span> <span class='ocrx_word' id='word_1_88' title='bbox 596 2301 701 2374; x_wconf 86' lang='lat' dir='ltr'>neque</span> <span class='ocrx_word' id='word_1_89' title='bbox 725 2297 866 2365; x_wconf 88' lang='lat' dir='ltr'>possunt</span> <span class='ocrx_word' id='word_1_90' title='bbox 894 2282 986 2348; x_wconf 87' lang='lat' dir='ltr'>liberl</span> <span class='ocrx_word' id='word_1_91' title='bbox 1017 2287 1139 2352; x_wconf 87' lang='lat' dir='ltr'>adulte.</span> 
     </span>
     <span class='ocr_line' id='line_1_15' title="bbox 183 2424 1134 2510; baseline -0.002 -17"><span class='ocrx_word' id='word_1_92' title='bbox 183 2429 244 2495; x_wconf 88' lang='lat' dir='ltr'>rini</span> <span class='ocrx_word' id='word_1_93' title='bbox 264 2427 433 2510; x_wconf 68' lang='lat' dir='ltr'>declararig</span> <span class='ocrx_word' id='word_1_94' title='bbox 467 2426 522 2491; x_wconf 84' lang='lat' dir='ltr'>vix</span> <span class='ocrx_word' id='word_1_95' title='bbox 550 2426 649 2509; x_wconf 84' lang='lat' dir='ltr'>igitur</span> <span class='ocrx_word' id='word_1_96' title='bbox 673 2427 712 2491; x_wconf 87' lang='lat' dir='ltr'>de</span> <span class='ocrx_word' id='word_1_97' title='bbox 743 2424 784 2490; x_wconf 90' lang='lat' dir='ltr'>iis</span> <span class='ocrx_word' id='word_1_98' title='bbox 814 2424 922 2505; x_wconf 88' lang='lat' dir='ltr'>quaeri</span> <span class='ocrx_word' id='word_1_99' title='bbox 946 2437 1072 2508; x_wconf 74' lang='lat' dir='ltr'>potest,</span> <span class='ocrx_word' id='word_1_100' title='bbox 1096 2426 1134 2491; x_wconf 89' lang='lat' dir='ltr'>ab</span> 
     </span>
     <span class='ocr_line' id='line_1_16' title="bbox 185 2566 1138 2654; baseline -0.003 -18"><span class='ocrx_word' id='word_1_101' title='bbox 185 2571 279 2636; x_wconf 88' lang='lat' dir='ltr'>altera</span> <span class='ocrx_word' id='word_1_102' title='bbox 306 2583 394 2654; x_wconf 87' lang='lat' dir='ltr'>parte</span> <span class='ocrx_word' id='word_1_103' title='bbox 421 2569 574 2653; x_wconf 86' lang='lat' dir='ltr'>objicitur</span> <span class='ocrx_word' id='word_1_104' title='bbox 600 2568 766 2634; x_wconf 87' lang='lat' dir='ltr'>vinculum</span> <span class='ocrx_word' id='word_1_105' title='bbox 799 2567 1015 2650; x_wconf 86' lang='lat' dir='ltr'>matrimonii,</span> <span class='ocrx_word' id='word_1_106' title='bbox 1049 2566 1138 2649; x_wconf 90' lang='lat' dir='ltr'>quod</span> 
     </span>
     <span class='ocr_line' id='line_1_17' title="bbox 185 2678 1136 2790; baseline -0.007 -11"><span class='ocrx_word' id='word_1_107' title='bbox 185 2712 251 2779; x_wconf 85' lang='lat' dir='ltr'>non</span> <span class='ocrx_word' id='word_1_108' title='bbox 277 2725 327 2776; x_wconf 89' lang='lat' dir='ltr'>est</span> <span class='ocrx_word' id='word_1_109' title='bbox 351 2710 521 2790; x_wconf 90' lang='lat' dir='ltr'>solutum,</span> <span class='ocrx_word' id='word_1_110' title='bbox 554 2709 641 2789; x_wconf 91' lang='lat' dir='ltr'>quod</span> <span class='ocrx_word' id='word_1_111' title='bbox 670 2709 796 2790; x_wconf 88' lang='lat' dir='ltr'>quidem</span> <span class='ocrx_word' id='word_1_112' title='bbox 825 2707 954 2773; x_wconf 82' lang='lat' dir='ltr'>maximi</span> <span class='ocrx_word' id='word_1_113' title='bbox 983 2678 1136 2775; x_wconf 87' lang='lat' dir='ltr'>momenti</span> 
     </span>
     <span class='ocr_line' id='line_1_18' title="bbox 183 2847 1139 2931; baseline -0.006 -13"><span class='ocrx_word' id='word_1_114' title='bbox 183 2851 278 2918; x_wconf 90' lang='lat' dir='ltr'>nobis</span> <span class='ocrx_word' id='word_1_115' title='bbox 303 2869 372 2916; x_wconf 89' lang='lat' dir='ltr'>esse</span> <span class='ocrx_word' id='word_1_116' title='bbox 388 2850 535 2931; x_wconf 86' lang='lat' dir='ltr'>videtur;</span> <span class='ocrx_word' id='word_1_117' title='bbox 560 2868 628 2914; x_wconf 87' lang='lat' dir='ltr'>nam</span> <span class='ocrx_word' id='word_1_118' title='bbox 649 2868 666 2913; x_wconf 87' lang='lat' dir='ltr'>a</span> <span class='ocrx_word' id='word_1_119' title='bbox 691 2858 779 2930; x_wconf 80' lang='lat' dir='ltr'>p&#39;arte</span> <span class='ocrx_word' id='word_1_120' title='bbox 804 2847 914 2913; x_wconf 86' lang='lat' dir='ltr'>uxoris</span> <span class='ocrx_word' id='word_1_121' title='bbox 939 2848 1030 2912; x_wconf 86' lang='lat' dir='ltr'>etiam</span> <span class='ocrx_word' id='word_1_122' title='bbox 1058 2847 1139 2912; x_wconf 90' lang='lat' dir='ltr'>libe·</span> 
     </span>
     <span class='ocr_line' id='line_1_19' title="bbox 184 2989 1136 3074; baseline 0 -20"><span class='ocrx_word' id='word_1_123' title='bbox 184 3002 313 3074; x_wconf 88' lang='lat' dir='ltr'>rorum,</span> <span class='ocrx_word' id='word_1_124' title='bbox 335 2992 392 3074; x_wconf 91' lang='lat' dir='ltr'>qui</span> <span class='ocrx_word' id='word_1_125' title='bbox 417 3011 455 3057; x_wconf 88' lang='lat' dir='ltr'>ex</span> <span class='ocrx_word' id='word_1_126' title='bbox 477 3011 512 3058; x_wconf 89' lang='lat' dir='ltr'>ea</span> <span class='ocrx_word' id='word_1_127' title='bbox 539 3007 739 3071; x_wconf 88' lang='lat' dir='ltr'>nascuntur,</span> <span class='ocrx_word' id='word_1_128' title='bbox 767 2990 896 3056; x_wconf 86' lang='lat' dir='ltr'>maritus</span> <span class='ocrx_word' id='word_1_129' title='bbox 925 3007 1012 3074; x_wconf 88' lang='lat' dir='ltr'>pater</span> <span class='ocrx_word' id='word_1_130' title='bbox 1039 2989 1136 3055; x_wconf 88' lang='lat' dir='ltr'>habe·</span> 
     </span>
     <span class='ocr_line' id='line_1_20' title="bbox 187 3134 1136 3220; baseline 0.003 -25"><span class='ocrx_word' id='word_1_131' title='bbox 187 3145 261 3215; x_wconf 90' lang='lat' dir='ltr'>tur,</span> <span class='ocrx_word' id='word_1_132' title='bbox 285 3134 458 3198; x_wconf 87' lang='lat' dir='ltr'>secundum</span> <span class='ocrx_word' id='word_1_133' title='bbox 473 3135 556 3217; x_wconf 78' lang='lat' dir='ltr'>iuris</span> <span class='ocrx_word' id='word_1_134' title='bbox 579 3135 717 3217; x_wconf 84' lang='lat' dir='ltr'>regulam</span> <span class='ocrx_word' id='word_1_135' title='bbox 735 3146 835 3218; x_wconf 77' lang='lat' dir='ltr'>pater</span> <span class='ocrx_word' id='word_1_136' title='bbox 859 3146 925 3213; x_wconf 83' lang='lat' dir='ltr'>est,</span> <span class='ocrx_word' id='word_1_137' title='bbox 948 3153 1038 3220; x_wconf 81' lang='lat' dir='ltr'>quem</span> <span class='ocrx_word' id='word_1_138' title='bbox 1056 3148 1136 3219; x_wconf 81' lang='lat' dir='ltr'>nup·</span> 
     </span>
     <span class='ocr_line' id='line_1_21' title="bbox 183 3270 1132 3359; baseline -0.005 -20"><span class='ocrx_word' id='word_1_139' title='bbox 183 3277 250 3342; x_wconf 77' lang='lat' dir='ltr'>tr&#39;ae</span> <span class='ocrx_word' id='word_1_140' title='bbox 264 3275 503 3358; x_wconf 75' lang='lat' dir='ltr'>demonstrant,</span> <span class='ocrx_word' id='word_1_141' title='bbox 524 3287 619 3359; x_wconf 83' lang='lat' dir='ltr'>atque</span> <span class='ocrx_word' id='word_1_142' title='bbox 635 3275 740 3343; x_wconf 89' lang='lat' dir='ltr'>omnia</span> <span class='ocrx_word' id='word_1_143' title='bbox 756 3274 963 3354; x_wconf 87' lang='lat' dir='ltr'>subsistunt,</span> <span class='ocrx_word' id='word_1_144' title='bbox 987 3274 1076 3354; x_wconf 87' lang='lat' dir='ltr'>quod</span> <span class='ocrx_word' id='word_1_145' title='bbox 1093 3270 1132 3335; x_wconf 92' lang='lat' dir='ltr'>ad</span> 
     </span>
     <span class='ocr_line' id='line_1_22' title="bbox 184 3415 1132 3506; baseline -0.013 -18"><span class='ocrx_word' id='word_1_146' title='bbox 184 3422 357 3506; x_wconf 78' lang='lat' dir='ltr'>coniugum</span> <span class='ocrx_word' id='word_1_147' title='bbox 382 3437 571 3504; x_wconf 85' lang='lat' dir='ltr'>personam,</span> <span class='ocrx_word' id='word_1_148' title='bbox 601 3431 721 3500; x_wconf 88' lang='lat' dir='ltr'>praeter</span> <span class='ocrx_word' id='word_1_149' title='bbox 746 3415 1035 3496; x_wconf 63' lang='lat' dir='ltr'>cohabitationem</span> <span class='ocrx_word' id='word_1_150' title='bbox 1065 3429 1132 3476; x_wconf 88' lang='lat' dir='ltr'>non</span> 
     </span>
     <span class='ocr_line' id='line_1_23' title="bbox 182 3553 1134 3646; baseline -0.011 -18"><span class='ocrx_word' id='word_1_151' title='bbox 182 3561 279 3646; x_wconf 83' lang='lat' dir='ltr'>igitur</span> <span class='ocrx_word' id='word_1_152' title='bbox 300 3575 408 3646; x_wconf 91' lang='lat' dir='ltr'>potest</span> <span class='ocrx_word' id='word_1_153' title='bbox 440 3562 570 3628; x_wconf 88' lang='lat' dir='ltr'>maritus</span> <span class='ocrx_word' id='word_1_154' title='bbox 601 3557 744 3626; x_wconf 88' lang='lat' dir='ltr'>adulterii</span> <span class='ocrx_word' id='word_1_155' title='bbox 769 3554 911 3622; x_wconf 89' lang='lat' dir='ltr'>accusari</span> <span class='ocrx_word' id='word_1_156' title='bbox 945 3553 984 3616; x_wconf 88' lang='lat' dir='ltr'>ab</span> <span class='ocrx_word' id='word_1_157' title='bbox 1014 3569 1134 3636; x_wconf 84' lang='lat' dir='ltr'>uxore,</span> 
     </span>
    </p>
   </div>
   <div class='ocr_carea' id='block_1_3' title="bbox 182 3695 1133 3790">
    <p class='ocr_par' dir='ltr' id='par_1_4' title="bbox 182 3695 1133 3790">
     <span class='ocr_line' id='line_1_24' title="bbox 182 3695 1133 3790; baseline -0.002 -21"><span class='ocrx_word' id='word_1_158' title='bbox 182 3703 256 3787; x_wconf 88' lang='lat' dir='ltr'>quia</span> <span class='ocrx_word' id='word_1_159' title='bbox 284 3705 363 3790; x_wconf 80' lang='lat' dir='ltr'>legis</span> <span class='ocrx_word' id='word_1_160' title='bbox 390 3704 544 3789; x_wconf 82' lang='lat' dir='ltr'>requisita</span> <span class='ocrx_word' id='word_1_161' title='bbox 572 3702 610 3770; x_wconf 85' lang='lat' dir='ltr'>ad</span> <span class='ocrx_word' id='word_1_162' title='bbox 640 3702 702 3768; x_wconf 90' lang='lat' dir='ltr'>hoe</span> <span class='ocrx_word' id='word_1_163' title='bbox 734 3695 868 3763; x_wconf 84' lang='lat' dir='ltr'>existere</span> <span class='ocrx_word' id='word_1_164' title='bbox 893 3712 958 3761; x_wconf 89' lang='lat' dir='ltr'>non</span> <span class='ocrx_word' id='word_1_165' title='bbox 982 3712 1133 3780; x_wconf 87' lang='lat' dir='ltr'>possunt.</span> 
     </span>
    </p>
   </div>
   <div class='ocr_carea' id='block_1_4' title="bbox 742 3834 778 3906">
    <p class='ocr_par' dir='ltr' id='par_1_5' title="bbox 742 3834 778 3906">
     <span class='ocr_line' id='line_1_25' title="bbox 742 3834 778 3906; baseline 0 0"><span class='ocrx_word' id='word_1_166' title='bbox 742 3834 778 3906; x_wconf 85' lang='lat' dir='ltr'><strong>G</strong></span> 
     </span>
    </p>
   </div>
   <div class='ocr_carea' id='block_1_5' title="bbox 0 0 1336 4776">
    <p class='ocr_par' dir='ltr' id='par_1_6' title="bbox 0 0 1336 4776">
     <span class='ocr_line' id='line_1_26' title="bbox 0 0 1336 4776; baseline 0 1"><span class='ocrx_word' id='word_1_167' title='bbox 0 0 1336 4776; x_wconf 95' lang='lat' dir='ltr'> </span> 
     </span>
    </p>
   </div>
  </div>
 </body>
</html>
