2662 4776
391 352 931 433 runuounnuru
1093 374 1135 453 w

185 545 280 615 litera
311 547 456 629 exceptio
479 559 549 625 cat,
581 544 611 610 ai
637 560 719 612 uxor
745 545 891 612 maritum
918 558 1047 629 partum
1073 544 1141 612 edi·

122 741 124 744 Α
186 697 255 754 tum
290 683 463 766 celaverit,
497 695 593 764 atque
620 683 682 750 hoc
714 683 840 765 quidem
869 683 1069 767 requiritur,
1099 693 1139 750 ut

124 790 127 797 ’
187 836 320 906 propter
343 821 532 889 adulterium
561 823 671 914 uxoris
689 822 819 906 possint
845 819 991 904 abnegari
1012 835 1071 891 art.
1090 823 1135 892 C·

187 963 227 1030 C.
252 980 325 1045 313.
363 963 433 1047 Jam
462 974 580 1044 sponte
598 973 749 1043 apparet,
771 959 926 1045 ejusmodi
950 959 1068 1026 liberos
1088 979 1137 1026 re·

186 1116 303 1182 spectu
327 1101 439 1166 uxoria
464 1100 571 1164 haberi
588 1099 807 1181 adulterinos,
829 1099 886 1180 qui
909 1111 1013 1164 stante
1031 1101 1138 1165 matri·

186 1238 275 1327 moni
298 1238 447 1323 concepti
471 1238 548 1303 tales
574 1252 651 1311 sunt
668 1237 840 1321 declarati,
863 1250 941 1320 post
964 1237 1142 1304 recusatio·

184 1395 256 1446 nem
283 1376 386 1443 mariti
410 1377 593 1451 admissam.

228 1515 367 1580 Maritus
394 1514 493 1598 igitur
514 1515 607 1579 solus
634 1512 781 1595 liberos,
801 1527 908 1579 stante
934 1513 1137 1582 matrimonio

191 1663 399 1735 conceptos,
428 1669 574 1719 recusare
599 1664 728 1734 potest,
767 1653 856 1733 quod
890 1655 918 1721 si
955 1671 1022 1720 non
1056 1653 1140 1719 fece·

188 1791 251 1872 rit,
285 1788 418 1874 legitimi
452 1789 630 1872 habentur,
670 1802 757 1856 atatu
793 1792 929 1874 gaudent
963 1806 1057 1874 quem
1087 1793 1140 1858 lex

189 1929 225 1998 in
259 1944 368 1994 eorum
394 1926 534 2006 favorem
561 1925 737 2009 definivit,
776 1927 820 1994 ira
857 1947 893 1997 ut
929 1929 1039 1997 matris
1075 1949 1141 1996 mae

190 2067 274 2133 ritus
300 2082 409 2131 eorum
432 2078 521 2148 pater
550 2065 723 2148 habeatur,
754 2068 878 2135 etiamsi
898 2070 1013 2135 abacos
1045 2066 1141 2135 fuerit

185 2203 275 2286 hic,
312 2203 385 2270 iude
414 2222 432 2270 a
466 2204 516 2270 die
536 2204 770 2271 >trecentesimo
804 2224 909 2288 usque
948 2206 988 2273 ad
1023 2199 1140 2272 censi.

189 2357 276 2410 mum
301 2356 373 2409 ante
400 2355 524 2425 partum
556 2341 699 2423 editum,
737 2343 860 2412 etiamsi
895 2345 958 2411 hoc
984 2345 1137 2428 temporit

107 2572 135 2583 Δ,
185 2483 377 2563 intervallo,
406 2493 539 2565 propter
563 2486 673 2546 cauum
703 2480 895 2565 fortuitum,
926 2502 993 2551 non
1021 2498 1140 2565 potue·

186 2623 230 2690 tit
252 2639 326 2687 cum
356 2637 456 2686 uxore
487 2618 697 2701 cohabitare,
730 2620 854 2688 etiamsi
886 2641 968 2689 uxor
997 2621 1138 2688 adultera

186 2773 314 2847 partum
331 2757 451 2823 editum
466 2775 537 2823 eum
555 2756 724 2842 celaverim
744 2760 797 2825 lex
816 2759 901 2826 euim
915 2732 1058 2826 articulis
1070 2757 1146 2844 312‘
1234 2745 1235 2749 ¹

186 2915 219 2969 et
243 2915 303 2983 313
326 2898 352 2966 l.
381 2895 404 2964 l.
433 2913 500 2962 non
528 2896 592 2963 nisi
619 2915 715 2965 casua
744 2898 911 2981 definivit,
940 2897 1060 2981 quibus
1091 2894 1139 2965 ia·

184 3039 291 3104 cultas
330 3034 495 3100 recusandi
534 3036 650 3102 marito
680 3029 928 3122 permitteretur.
986 3037 1139 3119 Sequitur

185 3177 286 3263 igitur
311 3190 377 3240 nou
400 3173 509 3241 adesse
534 3175 653 3244 liberos
669 3177 863 3244 adulterinos
889 3191 1035 3261 respectu
1053 3195 1136 3241 uxo⁴

187 3315 253 3397 ris,
275 3311 340 3380 nisi
362 3315 495 3380 maritus
512 3289 705 3382 recusaverit
721 3333 776 3382 eos
794 3310 887 3399 quoa
900 3335 1003 3397 uxor,
1029 3326 1136 3380 stante

184 3450 388 3523 matrimonio
418 3455 621 3536 conceperit,
648 3455 706 3520 ubi
740 3454 837 3539 huius
865 3454 909 3522 rei
937 3452 1075 3519 facultas
1105 3451 1135 3518 ei

127 3657 129 3661 .
183 3596 253 3678 lege
272 3590 471 3660 conceditur.

227 3729 397 3820 Quaeritur
417 3746 495 3799 vero
520 3733 598 3816 quid
623 3735 669 3800 ait
692 3731 884 3813 dicendum,
907 3730 935 3796 si
963 3747 1044 3800 uxor
1063 3729 1135 3814 ipsa

1044 3897 1046 3904 ·
1083 3870 1140 3934 de.
