2662 4776
389 365 931 473 urrunnu-unum
1082 388 1130 468 ar

186 564 261 653 76a.
302 557 375 650 Jaut
400 566 585 648 quaeritur,
606 583 683 633 nunt
703 561 768 630 ista
796 561 1009 649 nonpossint
1028 578 1134 650 petere

181 710 355 796 alimenta,
377 709 443 778 nisi
462 707 530 776 siut
550 705 719 774 adulterini
736 700 911 773 declaratii
955 705 1051 775 eerte
1064 726 1133 779 nun

184 866 349 935 possuntt
371 851 562 959 prohibetur
584 849 668 917 enim
685 845 831 915 articulis
848 864 911 934 340
927 862 958 914 et
974 865 1036 936 342
1047 820 1135 919 {nte

183 993 345 1076 perlucide
368 992 568 1078 apparetvis
592 1004 653 1059 art.
674 1009 760 1075 342,
780 989 995 1070 ubidicitur,
1018 1008 1062 1059 un
1082 1014 1136 1060 err·

175 1137 323 1219 fautus
349 1154 423 1203 sora
443 1131 567 1212 fastais
594 1131 729 1218 adnm,-
758 1131 926 1215 quomodo
944 1131 1040 1198 enim·
1062 1152 1140 1218 pos·

185 1290 235 1342 set
257 1276 404 1343 alimenta
430 1288 536 1358 petere
556 1275 596 1341 ab
620 1292 684 1358 eo,
715 1293 810 1358 quent
833 1273 897 1341 sibi
919 1289 1040 1358 patrem
1067 1293 1140 1344 erse
1240 1310 1243 1315 ·

183 1414 297 1500 fingit,
318 1436 423 1500 neque
442 1429 579 1506 prorsus
597 1415 717 1484 violare
736 1429 797 1485 art.
819 1435 902 1512 3403
923 1432 1030 1482 nonne
1049 1435 1139 1500 ptru-

183 1571 265 1625 terea
285 1523 409 1642 usurpet
429 1563 615 1627 retineretur
635 1559 772 1625 horrore
792 1576 883 1624 suam
907 1558 1016 1641 ipsius·
1038 1558 1140 1643 turpi·

184 1700 328 1767 tudinem
343 1699 537 1783 declarandi,
555 1718 661 1768 nonne
680 1719 810 1786 quoque
820 1713 908 1784 pater
920 1699 1066 1768 alimenta
1083 1719 1138 1769 ex·

184 1838 307 1910 hiberet
327 1840 440 1928 potius
467 1859 563 1924 quam
582 1859 699 1909 nomen
715 1858 810 1930 suurn
826 1858 889 1909 tarn
906 1846 1013 1927 turpis
1036 1844 1137 1912 actio.

183 1982 236 2048 nis
264 1999 360 2053 notae
394 1983 585 2066 exponere?
616 1985 727 2051 nuilus
752 1982 855 2066 igitur
889 1997 939 2050 est
964 1982 1138 2055 liberorum

138 2213 140 2217 Ι
188 2124 439 2193 adulterinorum
462 2136 568 2190 status
591 2136 738 2206 respectu
763 2105 973 2206 patris,'nirt
994 2126 1140 2211 ajudice

190 2267 360 2334 adulterini
378 2267 450 2367 sint·
464 2263 633 2354 declarati,
655 2264 722 2332 non
746 2282 887 2350 possunt
910 2267 1066 2352 agnosci,
1089 2271 1139 2338 uti

151 2424 153 2427 ·
187 2409 349 2493 vidimus3
372 2409 435 2476 huc
461 2420 593 2490 quoque
615 2420 758 2474 nostram
786 2407 902 2490 probat
927 2409 1137 2494 sententiam
1247 2402 1249 2406 ’

185 2550 370 2618 difficultate
391 2563 500 2654 tamen
535 2547 668 2615 omniuo
692 2567 759 2617 non
790 2564 905 2630 caret,
937 2528 1067 2631 quinam
1094 2552 1141 2620 rit

187 2707 249 2763 att.
270 2710 332 2777 335
352 2708 493 2771 sensus,
522 2705 597 2756 cunr
624 2704 687 2758 att.
706 2689 769 2775 762
796 2690 837 2756 ad
860 2705 984 2758 certum
1008 2693 1139 2762 modun

187 2834 383 2919 agnitionem
408 2796 614 2916 expostulet,
635 2843 666 2895 et
694 2847 767 2896 cunr
793 2831 923 2912 possint
952 2831 1062 2900 adesse
1089 2850 1144 2902 ea.

193 2995 272 3058 sus,
294 2975 350 3042 ubi
368 2975 430 3059 jam
452 2971 575 3058 agnitio
600 2969 715 3038 existat
739 2989 774 3041 v.
796 2991 829 3058 g.
852 2988 889 3040 ut
909 2992 1009 3043 unum
1033 2974 1142 3046 astera.

190 3137 285 3203 urus;
317 3123 417 3190 homo
448 3123 694 3206 qui-tanquan
729 3135 818 3203 pater
859 3123 982 3190 tabulas
1016 3129 1141 3192 natales

191 3263 431 3348 consignaverit
459 3283 563 3347 neque
591 3263 821 3346 declaraverit,
851 3283 885 3330 se
913 3266 989 3337 aliae
1018 3231 1141 3334 mulieri

193 3405 399 3473 matrimonio
409 3423 480 3473 esse
491 3407 640 3492 junctum
655 3423 750 3489 quam
767 3405 860 3472 matri
877 3402 1036 3487 infantis,
1052 3404 1142 3476 facto
1160 3417 1162 3423 '
1252 3433 1256 3440 ·

119 3556 122 3562 '
190 3547 336 3630 agnoscit
353 3545 505 3616 infantem
521 3548 757 3630 adulterinum
780 3548 862 3614 idern
887 3548 1015 3613 videtur
1032 3548 1138 3619 diceu-

176 3673 271 3754 ''dun
297 3688 439 3776 uetito,
468 3691 525 3774 qui
549 3689 705 3778 bigamiae
732 3704 783 3757 ert
811 3707 906 3757 reus:
937 3689 1014 3773 quid
1041 3694 1142 3780 igitur

1099 3835 1146 3902 si·
