2662 4776
395 381 923 456 INAUGURALIS·
997 402 1002 431 ⁷
1090 406 1132 459 u-

185 544 511 642 aldermanni.
532 565 650 635 confici
673 584 770 651 poree
792 565 939 650 uidetur,
958 570 1129 639 Diocletia-

186 730 265 780 num
286 712 350 796 iem
376 728 509 811 poenam
527 707 654 791 Cepitle
680 706 715 775 in
732 687 918 777 adulterium
939 714 1126 780 sancivisse.

186 855 273 923 Herc
296 870 373 919 uero
398 852 450 919 lex
476 852 526 917 uti
548 864 579 916 et
608 851 635 917 l.
657 866 692 930 9.
716 847 755 915 G.
777 849 810 917 ri.
832 863 860 921 r.
881 864 913 917 rr
932 855 1016 935 §.ct
1040 852 1069 923 1.
1092 853 1131 921 de

183 996 260 1085 pub.
274 993 383 1079 judio.
416 991 607 1061 Triboninni
629 989 892 1073 interpolationes
915 962 1022 1059 i'uiese
1046 995 1133 1076 apud

183 1136 329 1209 eruditos
345 1147 487 1201 currerat.
524 1132 727 1219 justinianus
747 1133 869 1200 ratione
888 1134 1021 1201 adulteri
1037 1137 1134 1221 gladii
1199 1230 1202 1235 ὁ

185 1294 319 1363 poenum
336 1277 559 1357 concertavit,
581 1275 751 1343 adulteram
777 1276 971 1362 verciurrit
992 1277 1134 1345 vulneri.

186 1424 249 1487 bur
273 1419 529 1501 competentibus
552 1417 741 1498 subactam,
763 1417 798 1487 in
818 1420 1042 1487 nonarteriutn
1059 1425 1134 1485 mit·

182 1565 236 1643 ti,
257 1577 288 1626 et
304 1563 368 1629 nisi
385 1563 466 1627 intra
489 1559 652 1626 biennium
672 1575 691 1623 c
710 1559 825 1626 marito
844 1560 1038 1643 recipiatur,
1062 1573 1137 1629 ton·

181 1705 254 1770 -deri
262 1720 293 1769 et
310 1704 530 1769 monachicum
547 1699 691 1767 hobitum
710 1703 850 1785 recipere
864 1703 961 1784 (18).
983 1702 1053 1770 Leo
1071 1709 1136 1771 lm·

186 1858 313 1931 perator
336 1846 483 1927 utrisque
506 1857 572 1908 tum
589 1842 730 1910 adultero
753 1858 821 1911 tum
844 1846 1001 1912 adulterae
1022 1866 1134 1914 meum

186 1988 333 2054 abscindi
348 1987 445 2071 jussit
463 1986 556 2071 (19).
586 1983 647 2048 llis
657 1991 856 2051 conveniunt
872 2006 930 2067 eu,
950 2004 1030 2068 quae
1047 1989 1137 2054 Com

186 2129 400 2199 montinerlo
424 2133 577 2195 honorem
597 2126 787 2194 matrimonii
808 2128 1003 2209 constituit,
1023 2148 1136 2213 nempe

185 2287 350 2336 extraneor
373 2269 488 2354 procol
511 2269 550 2333 ub
574 2267 780 2333 accusatione
808 2268 953 2334 adulterii
972 2275 1129 2355 removit,

184 2432 224 2481 ne
241 2411 426 2478 volentibus
446 2414 554 2476 liceret
574 2423 688 2475 temere
705 2411 864 2476 connubia
881 2409 1007 2479 foedere
1022 2420 1042 2503 (
1052 2421 1139 2504 oo),

184 2557 270 2623 Idem
290 2555 411 2622 invenit
437 2550 697 2634 legitimationem
725 2569 781 2632 per
799 2551 1000 2636 subsequens
1023 2560 1132 2625 matri·

184 2697 326 2766 monium
349 2694 522 2778 (21)‚eo
546 2691 708 2772 consilio,
751 2706 786 2757 ut
805 2709 966 2775 parentes,
993 2699 1026 2765 in
1054 2720 1133 2769 con.

185 2841 340 2911 tubinaru
364 2841 508 2902 viventes
539 2834 601 2898 hoc
631 2833 784 2922 beneficio
815 2835 973 2916 pelliceret
999 2841 1037 2903 ad
1064 2842 1135 2925 jur.

185 2995 254 3049 tutn
274 2977 506 3045 matrimonium
529 2975 712 3045 ineundum.
740 2977 809 3043 Leo
830 2978 998 3057 imperator
1013 3001 1132 3048 concu-

115 3094 118 3098 λ
190 3119 334 3185 binetum
365 3119 535 3203 prohibuit
557 3118 666 3204 (22).
710 3100 778 3187 Ubi
803 3119 904 3203 igitur
924 3121 1136 3202 imperatores

1091 3265 1143 3330 fa·

222 3440 313 3524 (18)
343 3444 418 3503 Nor.
438 3456 502 3516 ¹34·
530 3461 554 3502 c.
576 3458 619 3505 ro.

223 3547 315 3621 (¹9)
338 3546 416 3607 ΝΜ·
433 3560 482 3616 3⁹2

227 3649 316 3725 (πο)
342 3650 377 3711 L.
394 3663 443 3722 30.
462 3662 512 3724 pr.
531 3651 565 3708 c.
584 3644 614 3708 ir.
634 3658 659 3707 r·

232 3748 250 3829 (
259 3748 324 3829 ot)
358 3751 393 3810 L.
413 3764 442 3822 ς.
464 3751 502 3811 C.
520 3751 553 3808 de
571 3749 681 3813 Natur.
697 3750 751 3811 lib.
774 3747 848 3808 Nor.
868 3750 912 3824 89.
928 3759 981 3824 pr.

226 3852 317 3927 (2²)
346 3851 420 3913 Nor.
436 3868 488 3928 9¹·

710 3951 778 4023 Bc
