2662 4776
180 412 223 479 74
316 385 1010 474 DISSERTATIOJURIDICA
1094 440 1098 466 r

190 573 269 640 lium
295 573 314 658 (
325 574 421 659 29),
443 590 542 658 quere
558 571 659 656 igitur
676 570 773 639 hodie
795 572 923 638 heredes
945 575 1056 658 peiore
1079 568 1150 653 iure

187 712 381 787 uterentur?
414 711 600 799 Differentia
614 709 647 776 in
664 729 702 778 eo
723 710 898 792 consistit,
925 711 1015 792 quod
1034 704 1154 775 setun·

183 853 266 918 aion
283 851 434 934 antiquae
445 849 714 935 jurisprudentiae
726 848 883 933 principia
898 850 986 934 actio
1000 817 1150 913 adulterii

156 1055 160 1062 .
184 1003 258 1057 erat
284 990 492 1073 principalis,
523 1003 621 1071 quum
641 986 835 1067 sequebatur
852 989 1010 1069 separatio
1031 985 1099 1052 tori
1117 998 1151 1049 et

188 1146 346 1208 mousson
362 1130 424 1211 jam
447 1126 540 1193 fauor
560 1124 754 1193 matrimonii
778 1138 810 1190 et
826 1143 929 1190 rerurn
948 1139 1062 1191 natura
1078 1138 1148 1188 non

187 1265 372 1350 permittit,
408 1265 638 1348 utejusnrodi
670 1263 776 1344 actio,
810 1280 826 1325 a
858 1263 970 1328 marito
998 1262 1152 1328 instituta

184 1412 329 1469 transeat
361 1399 402 1465 ed
427 1398 569 1466 heredes.
614 1400 719 1464 Hodie
747 1416 844 1476 vero,
872 1398 1053 1463 secuudum
1080 1398 1152 1464 Co·

188 1541 293 1606 dicem
320 1536 483 1618 Civilem,
505 1536 591 1602 ictio
616 1536 804 1619 principalis
832 1548 903 1616 est,
919 1553 994 1643 „ouo
1023 1550 1154 1620 petatur

183 1675 372 1757 separatio,
405 1675 491 1744 serio
523 1675 670 1744 adulterii
695 1689 745 1774 est
778 1673 971 1743 accessoria.
1010 1673 1080 1758 Jam
1109 1675 1156 1740 sit

183 1812 364 1877 absurdum
403 1812 534 1894 dicere,
580 1812 808 1895 separationem
848 1813 912 1877 rori
959 1826 992 1878 et
1027 1831 1156 1878 mensae

188 1966 291 2032 posse
319 1949 388 2032 peti
409 1952 611 2037 coniugum,
642 1968 782 2031 quorum
807 1953 884 2016 niter
912 1965 1063 2016 mortuus
1089 1967 1156 2020 est.

187 2085 300 2152 Nobis
321 2101 424 2153 tamen
442 2090 611 2155 admodum
628 2091 732 2174 placet
754 2091 933 2170 sententia,
956 2109 1054 2172 quom
1076 2109 1156 2171 pro·
1204 2087 1205 2090 ’

186 2221 269 2286 :tulit
290 2223 526 2306 Deivineourt‚
558 2245 628 2292 esse
651 2228 826 2292 audiendos
857 2229 1010 2312 heredes,
1033 2229 1064 2324 si
1088 2249 1158 2296 non

176 2358 256 2435 ¹nisi
282 2361 518 2426 revocationem
545 2376 576 2427 et
602 2362 820 2445 repetitionem
850 2367 1016 2444 postulent
1045 2385 1157 2433 earum

182 2512 319 2576 rerum,
342 2496 478 2577 quaein
505 2496 648 2564 sutorem
672 2498 783 2564 uxoris
807 2515 825 2564 a
852 2500 967 2565 marito
987 2515 1067 2566 sunt
1093 2508 1160 2569 sti·

179 2633 337 2714 puiatter
359 2653 432 2702 narn
449 2646 560 2718 potest
574 2634 654 2703 effici
666 2635 811 2702 articulis
835 2636 931 2705 c.1>.
954 2639 1041 2722 336,
1065 2658 1157 2725 339,

184 2771 340 2838 maritum
369 2793 468 2856 posse
489 2773 656 2840 instituere
680 2774 837 2841 sotionem
870 2775 1018 2841 adulterii
1040 2792 1159 2846 contra

177 2926 344 2989 uxorein,
368 2928 474 2993 neque
494 2929 661 2995 propterea
687 2919 793 2994 petere
816 2912 1073 2998 separationem
1097 2931 1159 3000 po·

182 3055 260 3108 :test
286 3045 388 3126 igitur
413 3048 541 3114 institui
567 3049 656 3132 sotio
673 3050 819 3116 adulterii
842 3051 1006 3133 simplex,
1028 3052 1160 3122 efficere

178 3196 326 3261 -quoque
347 3185 423 3249 licet
448 3204 486 3251 ex-
516 3187 649 3253 Codicis
681 3185 801 3254 Civilis
824 3206 887 3256 art.
906 3209 992 3276 317,
1026 3192 1159 3262 heredes

178 3317 302 3380 ÷toariri
330 3339 430 3402 posse
457 3341 601 3389 recusare
621 3324 740 3390 liberos
764 3327 799 3392 in
822 3327 975 3396 omnibus
999 3329 1160 3415 casibus,

1088 3472 1166 3553 qui·

184 3618 188 3628 '
225 3623 245 3697 (
253 3632 321 3702 29)
343 3637 437 3699 conf.
456 3641 597 3715 Coquiiie
615 3655 665 3704 tur
682 3645 715 3706 la
730 3647 858 3708 teutone
874 3644 1100 3728 demissas,
1117 3648 1169 3715 Τί·

179 3726 230 3776 tre
250 3730 289 3784 du
309 3735 442 3824 Dauar're
466 3755 528 3803 art.
544 3745 575 3804 ό.
