2662 4776
193 428 195 433 -
237 419 280 486 44
370 395 744 468 nissuurnrro
784 399 1050 485 Junrulcn

241 584 346 648 lutum
377 597 408 648 et
434 580 604 666 generalem
622 582 758 682 tribuit3
792 584 847 649 sed
870 585 965 651 uobis
996 586 1100 670 magni
1126 602 1198 673 mos

243 729 341 793 menti
373 727 499 793 videtur
530 728 685 791 sententia
714 726 1041 809 Delvincurti13
1082 745 1188 809 nam,

243 865 273 930 si
298 866 523 949 inquiramus,
555 886 704 948 quaenam
730 865 827 933 fuerit
853 867 1045 952 legislatoris
1071 868 1189 933 volun·
1298 901 1302 911 ‹

242 1021 314 1089 tas,
342 1027 437 1094 atque
462 1029 499 1076 ex
529 1029 562 1077 ea
594 1026 654 1077 art.
678 1030 741 1095 340
770 1028 908 1090 sensus,
939 1010 1014 1076 haee
1040 1008 1190 1076 distincte

242 1152 387 1231 exposita
405 1166 484 1219 sunt
508 1153 541 1218 in
563 1154 718 1231 Morinis,
744 1152 872 1236 verbis3
905 1166 1021 1217 mettre
1047 1150 1192 1217 ltlomme

242 1292 374 1355 honnere
393 1306 425 1357 et
445 1292 541 1356 d'une
570 1291 719 1356 condrille
738 1310 822 1378 pure
848 1313 871 1356 a
898 1291 1001 1360 l'abre‘
1023 1291 1075 1356 des
1104 1305 1197 1358 attat

241 1448 316 1517 ques
341 1429 438 1494 d'ene
452 1432 573 1513 senemr
595 1431 776 1517 impudente
805 1445 836 1495 et
860 1432 1032 1515 d’enfans,
1062 1435 1119 1517 qul
1144 1431 1195 1496 lui

245 1586 315 1638 sont
336 1578 524 1661 arnugum
546 1591 653 1639 nonne
671 1572 770 1655 igitur
787 1585 864 1638 sunt
881 1571 1108 1653 inquisitiones
1125 1587 1198 1637 mu·v

153 1802 155 1807 ⁴
245 1714 330 1778 llerls
355 1727 387 1780 et
407 1715 578 1781 liberorum
605 1734 685 1796 quaa
706 1717 757 1782 lex
783 1714 973 1797 prohibuit?
997 1715 1126 1781 min-ime
1143 1733 1197 1782 ve·

248 1874 308 1936 ro,
331 1873 382 1921 eas
402 1873 482 1938 quae
496 1869 607 1922 contra
627 1858 746 1923 liberos
764 1856 969 1938 diriguntur,
990 1871 1026 1922 ut
1048 1859 1194 1923 amittant

248 2000 437 2081 commoda,
468 1999 587 2080 quibus
609 2017 649 2065 ne
671 1997 840 2081 fruantur,
869 2001 920 2063 lex
941 2000 1056 2086 uetuit.
1083 1999 1198 2066 Dein.

248 2141 288 2203 de
319 2154 378 2205 art.
401 2158 462 2222 342
491 2157 633 2206 nostram
670 2141 855 2215 sententiam
891 2142 1018 2208 videtur
1041 2145 1196 2226 probare3

249 2279 352 2346 voluit
376 2280 427 2344 hic
449 2293 508 2344 art.
527 2297 610 2363 342,
634 2295 669 2343 ut
687 2298 818 2359 prorsus
838 2280 931 2344 liberi
950 2283 1120 2350 adulterini
1137 2285 1200 2349 im·

97 2418 111 2447 '⁶
185 2460 188 2465 -
248 2424 452 2508 perimentur,
483 2420 657 2502 quominus
683 2420 876 2501 inquirerent
908 2422 946 2486 de
974 2425 1122 2502 patribus
1148 2428 1200 2491 vel

251 2565 428 2647 matribus3
456 2564 520 2647 jam
546 2580 622 2627 vero
653 2577 714 2626 art.
733 2579 806 2646 340.
838 2563 1035 2644 generalibus
1055 2565 1202 2631 contine.

148 2767 151 2773 .
250 2728 314 2775 rem
341 2705 449 2776 verbis
471 2709 525 2773 La
546 2707 716 2772 recherche
744 2705 783 2770 de
799 2706 834 2771 le
850 2707 1017 2790 pateruire
1036 2718 1081 2770 est
1097 2709 1202 2772 inter·

253 2848 341 2927 dite,
373 2869 435 2923 art.
459 2871 533 2916 vero
551 2866 612 2933 342
637 2867 702 2915 non
735 2847 801 2928 ita,
825 2847 882 2911 ubi
905 2847 1053 2911 distincte
1084 2847 1215 2913 dicitur

253 3010 297 3054 un
321 2991 435 3073 enfant
458 3010 496 3053 ne
519 3010 592 3054 sera
608 2990 738 3067 jamnis
767 2989 893 3073 admis,·
916 2989 999 3055 unde
1025 2986 1143 3053 efficere
1164 2989 1207 3054 li·

254 3146 326 3210 cet,
350 3151 413 3196 non
431 3132 498 3213 lege
517 3152 587 3228 esse
607 3131 824 3213 prohibitum,
848 3134 1045 3212 quominus,
1065 3149 1203 3212 quorum

252 3282 404 3356 interest,
442 3277 496 3339 alli
529 3289 649 3358 praeter
674 3274 791 3340 liberos
825 3276 1008 3340 facultatem
1045 3273 1206 3355 habeant,

257 3436 369 3487 contra
402 3419 518 3503 llberos
548 3416 740 3482 adulterinos
764 3417 818 3500 jus
847 3434 941 3481 suum
969 3416 1203 3496 persequendi,

255 3563 377 3627 etiamsi
402 3560 520 3627 adhoc
544 3561 701 3641 inquirere
724 3559 878 3637 debeant,
899 3573 1004 3622 utrum
1030 3577 1068 3624 eu
1086 3558 1210 3624 adulte·

158 3701 159 3704 ’
255 3699 324 3779 rio,
347 3721 386 3771 au
411 3722 485 3772 vero
513 3722 550 3772 ex
577 3701 777 3771 matrimonio
806 3700 871 3770 sint
897 3700 975 3770 uati.

1131 3838 1213 3908 Por·
