2662 4776
133 338 140 357 ⁴
235 391 320 483 eu⁴
368 383 752 470 urssuurnuro
791 381 1061 468 Junrurcn

237 567 366 634 Parisiis
388 569 562 653 judicatum
591 566 655 632 fult
676 567 727 634 die
750 565 879 654 11.Julii
899 570 980 634 1812
1001 567 1084 651 (7).
1125 565 1183 630 Vi·
1243 624 1244 627 ,

237 709 342 775 dimus
367 711 500 794 igitur,
534 725 645 801 vocem
672 709 838 774 concubina
866 708 917 771 lric
943 707 1090 775 denotare
1115 726 1208 772 om·>

232 862 311 914 nem
343 851 496 934 virginem
527 863 582 914 aut
615 849 797 931 mulierem,
827 844 974 928 quacum.
993 848 1182 939 adulterium

228 992 435 1058 'commiserit
458 994 612 1070 maritus,
644 991 700 1055 sed
730 1004 806 1056 tunc
831 992 954 1056 demum
978 989 1084 1054 adesse
1113 989 1182 1072 jus·

238 1144 301 1197 tam
327 1151 478 1213 causam,
509 1149 604 1214 quare
628 1144 715 1212 petat
741 1131 913 1197 divortium
937 1150 1042 1210 uxor,
1073 1131 1101 1196 si
1127 1128 1184 1194 ha·

238 1271 342 1337 buerit
359 1273 496 1338 maritus
510 1273 718 1338 concubinam
742 1274 777 1336 in
796 1273 892 1337 domo
908 1269 1083 1337 communi.
1109 1270 1181 1352 Jam

142 1394 144 1398 ὗ
236 1427 310 1476 vero
346 1411 530 1493 videamus,
567 1432 660 1492 quam
692 1409 788 1476 arctis
822 1372 984 1477 limitibus.
1012 1413 1086 1475 haec
1117 1425 1183 1473 vox

238 1553 360 1616 maison
388 1573 547 1664 commune
566 1555 608 1619 sit
630 1553 835 1636 accipienda,
857 1565 911 1618 aut
932 1565 1086 1631 quatenus
1111 1550 1181 1633 ejus
1243 1526 1244 1529 ¹

210 1757 212 1763 .
234 1706 349 1759 sensus
377 1697 419 1760 sit
441 1697 665 1764 extendendus.

184 1859 190 1867 ·
276 1833 353 1899 Non
373 1815 489 1917 paucae
519 1835 571 1898 hie
600 1837 816 1927 dubitationes
833 1838 998 1902 oriunture
1023 1832 1183 1914 quaeritur

237 1975 343 2057 enim,
366 1995 405 2042 an
420 1977 466 2042 ita
486 1975 681 2059 intelligatur
698 1974 820 2044 maison
838 1997 998 2042 commune
1019 1989 1056 2038 ut
1072 1971 1182 2045 uxoris

216 2117 413 2192 ·praesentia
440 2093 619 2197 requiratur
646 2118 679 2182 in
697 2120 816 2199 dom03
839 2138 879 2185 an
903 2117 1026 2196 differt,
1050 2116 1078 2180 sl
1101 2099 1186 2178 uxor

235 2251 305 2317 sine
328 2253 432 2319 mariti
449 2258 607 2316 consensu
625 2255 752 2318 domurn
780 2273 979 2319 communem
1001 2253 1183 2332 reliquerit,
1264 2283 1267 2285 ·

231 2403 328 2472 atque
355 2392 382 2457 si
413 2407 480 2482 non
502 2392 638 2472 amplius
662 2410 736 2457 curn
762 2395 874 2460 marito
902 2391 1032 2460 habitet.
1076 2395 1176 2459 Porro

233 2531 415 2612 quaeritur,
438 2549 476 2595 an
495 2530 587 2595 etiarn
608 2533 651 2596 sir
670 2532 926 2616 distinguendum
945 2532 1025 2603 inter
1040 2537 1178 2612 domos,

232 2690 312 2753 quae
331 2673 438 2755 plnres
466 2671 609 2738 familias·
630 2675 818 2752 continent,
839 2656 900 2737 uti
914 2669 1095 2752 frequenter
1119 2672 1179 2738 ob·

215 2812 310 2881 'tinet
332 2813 365 2878 in
388 2812 511 2879 Galliae
536 2811 689 2891 urbibus,
711 2823 742 2877 et
765 2814 845 2879 inter
863 2814 1000 2892 domos,
1029 2811 1177 2891 qualibus

234 2971 296 3017 nos
317 2952 448 3034 belgicis
475 2952 618 3016 moribus
637 2952 767 3020 utimur.
812 2951 1005 3033 Generaliter
1027 2951 1109 3017 mihi
1130 2953 1181 3017 vi·

179 3141 183 3146 «
231 3093 323 3158 detur
352 3091 517 3159 dicendum
557 3090 716 3170 quodad
742 3091 914 3176 absentiam
942 3092 1053 3159 uxoris
1081 3110 1108 3169 e,
1124 3095 1182 3187 do·

233 3245 285 3298 mo
312 3233 500 3311 communi,
529 3246 594 3294 eam
621 3248 687 3295 non
709 3228 879 3313 impedire,
911 3233 1085 3315 quominus
1109 3235 1180 3316 jure

232 3372 381 3438 instituat
409 3371 562 3435 actionem
589 3371 736 3436 adulterii
764 3391 868 3453 uxor,
891 3371 919 3434 si
948 3373 1006 3436 hac
1029 3373 1184 3452 absente,

232 3515 363 3578 maritus
392 3510 536 3575 habuerit
565 3490 773 3577 concubinam
804 3496 837 3577 in
872 3511 966 3577 domo
991 3507 1181 3580 communi.

266 3822 338 3907 (7)
359 3827 441 3904 srrey
462 3846 518 3905 12,
538 3851 574 3906 2,
591 3846 659 3910 tas,
