2662 4776
236 410 280 492 7⁸
375 393 1046 486 nrssnrtrartotunrnrca

233 602 318 666 neo,
339 582 405 649 imo
431 595 541 665 potest
563 581 710 664 evenire,
731 594 769 648 ut
799 600 882 650 uxor
906 584 951 653 tit
978 582 1188 655 condemnata

230 740 361 811 propter
381 725 596 808 adulterium,
619 723 709 793 liberi
728 743 828 806 vero,
850 745 936 807 quos
967 745 1007 793 ex
1026 726 1188 801 'adulterio

230 867 377 949 suscepit
393 865 525 948 legitimi
541 863 724 932 habeantur.
755 864 825 950 Jttn
843 865 1026 944 videamus,
1044 881 1185 945 quomo·

232 1006 276 1074 do
292 1005 355 1091 Jus
373 1003 533 1074 Gallicum
550 1001 589 1068 ab
609 1019 672 1071 una
692 1016 782 1085 parte
798 1021 872 1074 cum
891 1003 1007 1070 honori
1027 1017 1058 1069 et
1078 1003 1185 1087 digni·

230 1157 295 1212 tata
314 1142 505 1211 matrimonii
523 1155 620 1224 atque
638 1140 814 1210 liberorum
830 1142 928 1208 statui
944 1141 1062 1210 -faveat
1084 1143 1187 1225 (3),

228 1284 269 1351 ab
297 1281 393 1347 altera
421 1295 508 1365 parte
530 1292 622 1346 cavet
655 1296 699 1344 ne
731 1285 846 1348 marito
884 1283 1064 1348 tribuantur
1094 1280 1187 1347 liberi

230 1436 315 1504 qnos
335 1437 374 1484 ex
397 1416 556 1487 ‚adulterio
586 1416 764 1497 susceperit
789 1435 882 1485 uxor.

655 1697 688 1776 s.
736 1712 766 1764 r.

310 1971 363 2042 Da
393 1971 529 2055 liberis,
563 1973 620 2059 qni
655 1985 807 2066 respectu*
823 1973 934 2038 uxoris
960 1971 1143 2042 adttltcriaa'
1251 2015 1255 2032 .

616 2112 788 2178 habeatur.

267 2388 390 2472 Regula
409 2399 508 2472 pater
536 2398 582 2452 cst
610 2407 701 2473 quem
727 2386 860 2470 nuptiae
885 2385 1106 2452 demonstrant
1126 2385 1183 2455 ubi

222 2525 404 2610 ,exceptioni
423 2524 477 2609 ⁴sit
511 2521 670 2607 obnoxia,
703 2542 741 2591 eo
770 2538 848 2589 casu
872 2520 963 2588 liberi
989 2539 1072 2601 quos
1098 2541 1181 2599 con·

227 2667 346 2751 ceperit
373 2681 474 2745 uxor,
508 2679 613 2732 stante
636 2662 860 2745 matrimonio,
889 2674 1068 2746 possuntt
1096 2676 1184 2746 patre
1266 2645 1269 2649 ⁵

223 2803 374 2875 recusari.
419 2790 579 2892 Quaenam
618 2803 719 2886 igitur
747 2804 804 2883 hac
832 2813 910 2869 aunt
949 2798 1180 2899 exceptiones?

224 2945 328 3011 Prima
352 2958 425 3026 est,
447 2943 477 3008 si
502 2943 635 3010 maritus
663 2944 796 3022 probare
822 2941 953 3025 possit,
975 2959 1010 3009 se
1031 2928 1100 3024 non
1123 2960 1183 3023 pu·

222 3081 326 3153 tuisse
352 3080 535 3149 cohabitare
562 3099 634 3147 cum
659 3097 757 3146 uxore
784 3081 857 3147 inde
882 3100 900 3148 a
926 3080 978 3146 die
1002 3081 1186 3150 trecentesi-

107 3282 111 3294 ,
224 3239 279 3296 mo
309 3237 413 3305 usquc
446 3221 487 3286 ad
517 3221 726 3287 centesimum
758 3221 983 3305 octagesimum
1011 3238 1083 3288 ante
1107 3239 1182 3303 par·

222 3375 291 3429 tum
321 3360 465 3442 editum,
495 3359 564 3426 aive
596 3377 728 3444 propter
757 3359 955 3441 absentiam,
985 3360 1052 3427 sive
1079 3379 1181 3444 prop·

221 3515 270 3574 ter
303 3517 411 3567 casum
449 3496 616 3581 quemdam
649 3496 819 3567 fortuitum
853 3515 914 3568 art.
941 3501 986 3574 C.
1017 3497 1062 3568 C.
1093 3519 1181 3585 312,

1131 3641 1176 3705 ιι.

256 3817 335 3902 (a)
353 3822 426 3889 Art..
445 3836 510 3895 ara·
