2662 4776
236 394 283 486 5⁶
371 374 758 468 nrsssuumo
796 391 1061 489 Juumtcs

656 727 689 810 ς.
735 751 767 792 ι.

411 1003 465 1072 De
485 1006 611 1073 actione
630 1004 790 1072 adulterii
809 1007 1022 1080 instituenda.

280 1287 439 1358 Adulterii
465 1286 551 1353 actio
575 1303 688 1356 contre
711 1307 840 1358 uxorem
869 1310 936 1360 non
959 1308 1067 1376 potest
1090 1293 1189 1361 insti·

239 1429 289 1496 tui
302 1428 367 1497 nisi
383 1448 401 1495 s
419 1427 530 1493 marito
553 1428 590 1496 C.
612 1427 652 1497 P.
677 1427 762 1514 336,
784 1432 873 1515 quod
888 1433 968 1515 legis
993 1435 1189 1518 principium

237 1570 286 1638 uti
325 1570 494 1652 vidimus,
533 1570 598 1654 jam
633 1569 668 1636 in
702 1569 832 1662 antiqua
867 1573 1188 1659 Galliaejurisprua

237 1717 344 1787 dentis
370 1711 435 1779 fuit
461 1723 650 1796 receptum,
679 1729 710 1781 et
746 1714 893 1799 religiose
927 1716 1189 1801 observabatum

237 1861 275 1927 in
291 1858 369 1942 Jure
389 1854 539 1923 Romano
563 1871 630 1920 non
651 1857 725 1920 item
749 1857 843 1940 (1),
874 1857 928 1922 alii
949 1875 1070 1941 praeter
1097 1858 1191 1925 mari·

239 2020 310 2072 turn
337 1999 377 2065 sd
400 1996 635 2066 accusationem
654 1997 878 2068 admittuntur.
922 2000 1095 2087 Quaeritur
1113 2020 1193 2070 veru

241 2165 282 2213 sn
311 2146 345 2209 in
369 2144 447 2227 Jure
474 2137 605 2205 Gallico
629 2140 704 2219 huic
730 2153 800 2208 art.
819 2143 854 2209 G.
876 2145 918 2214 Ρ.
941 2148 1006 2233 336
1027 2145 1077 2212 vis
1098 2147 1194 2213 abso·

238 2289 307 2354 lura
328 2296 359 2349 et
375 2278 527 2365 generalis
544 2280 589 2342 sir
611 2277 796 2362 tribuenda,
819 2298 927 2347 nonne
942 2283 984 2349 sit
1001 2286 1194 2352 admittenda

237 2423 411 2509 exceptio,
428 2420 456 2485 si
472 2419 604 2485 meritus
615 2419 686 2503 ipse
700 2419 810 2485 uxoris
828 2421 984 2490 adulterio
1001 2425 1136 2508 faverit,
1148 2443 1198 2495 at.

239 2590 304 2656 que
316 2567 394 2636 adeo
413 2561 565 2630 lenocinii
582 2579 654 2626 reus
670 2561 726 2628 sit.
749 2561 920 2631 Dubitatio
935 2565 1010 2631 uuiti
1028 2579 1136 2648 potest
1155 2588 1196 2637 ex

241 2726 314 2782 art.
328 2710 369 2778 C.
386 2708 429 2775 P.
450 2725 535 2794 334,-
555 2717 652 2787 utque
673 2722 710 2770 ex
728 2705 907 2810 antiquiore
918 2706 1194 2797 jurisprudentia,

242 2857 320 2923 haec
340 2851 446 2935 enim,
468 2848 642 2932 quominus
660 2848 746 2918 rctio
764 2868 782 2915 s
799 2849 978 2916 ministerio
993 2852 1124 2936 publico
1145 2855 1195 2920 in⁴
1309 2835 1313 2845 ’

242 2999 449 3074 stitueretur,
469 3008 535 3058 non
551 2991 749 3074 ‘impediebat
773 2990 807 3057 i'n
829 3008 929 3073 cusu,
961 3010 1028 3073 quo
1058 2997 1192 3063 maritus

241 3144 312 3229 ipse
337 3134 456 3203 uxoris
485 3133 640 3203 adulterio
668 3132 793 3202 favebat
822 3135 910 3219 (n).
965 3093 1035 3204 lile¹
1062 3157 1193 3221 quoque

1156 3281 1197 3346 ti·

280 3495 352 3580 (1)
370 3499 445 3571 ιω,
461 3493 489 3569 §.
501 3505 527 3552 1.
542 3489 584 3554 D.
602 3493 643 3550 ad
657 3493 678 3552 l.
690 3489 752 3556 Jul.
769 3492 802 3552 de
815 3491 908 3554 adult.
923 3491 1016 3554 Coerc.
1033 3496 1110 3572 l.14.
1129 3487 1199 3568 §.Q

241 3609 282 3666 D.
301 3604 332 3666 h.
349 3616 374 3663 e.
391 3603 415 3662 1.
425 3615 473 3676 30·
489 3596 522 3657 C.
541 3593 573 3659 h.
589 3608 615 3657 t.

282 3705 350 3784 (2)
371 3703 463 3766 Conf.
482 3697 734 3760 Commentairede
749 3699 843 3767 Jousse
863 3716 911 3759 tur
929 3699 1055 3761 l'article
1066 3701 1090 3765 1.
1109 3706 1159 3761 tit.
1171 3701 1196 3762 Ι.

240 3813 274 3875 de
291 3809 488 3870 sordonnance
504 3804 538 3861 de
558 3805 639 3878 1670·
