2662 4776
390 393 925 465 ruauouunnrs
1088 424 1131 493 w

230 580 329 645 Porro
360 578 468 644 silex
501 577 626 649 duabus
654 578 967 660 interpretationibus
994 595 1043 648 est
1075 585 1133 650 ob·

182 722 301 802 noxia,
324 737 448 800 semper
477 737 512 784 ea
541 735 589 786 est
613 718 837 804 praeferenda,
857 738 937 800 quae
956 740 1023 789 non
1046 734 1130 809 pug'.

182 875 236 927 nat
262 880 334 928 cum
365 859 438 926 aliis
466 859 590 944 legibus
611 860 784 941 civilibus,
807 858 872 923 imo
892 880 966 929 cum
992 867 1128 934 sanctis·

159 1002 274 1099 'simis
306 1021 429 1069 morum
458 1002 648 1084 principiis,
679 1004 742 1086 jam
777 995 881 1082 vero,
914 1002 943 1065 si
974 1023 1130 1091 prorsus,

184 1144 272 1224 quod
301 1145 341 1209 ad
365 1144 483 1208 liberos
508 1142 702 1210 adulterinos
722 1158 784 1210 art.
803 1160 890 1227 240,
920 1143 984 1211 vim
1009 1164 1138 1227 genera·

183 1289 243 1351 lem
271 1301 301 1349 et
321 1286 502 1351 absolutum
525 1285 728 1365 tribuamus,
765 1283 842 1364 quid
869 1283 941 1348 inde
966 1286 1130 1358 efficitur?

182 1445 289 1492 nonne
315 1426 469 1506 efficitur,
492 1426 600 1506 quod,
631 1427 718 1491 nulla
743 1427 811 1508 lege
835 1425 1046 1509 impediente,
1075 1450 1136 1512 pu·

183 1569 268 1634 blice
306 1569 449 1634 incestus
475 1569 728 1650 committatur3
766 1583 853 1649 pater
877 1557 976 1633 'filiam
1013 1571 1132 1656 ducit,

184 1709 280 1776 frater
306 1725 470 1774 sororemr
493 1725 600 1773 nonne
619 1708 804 1773 execrabilis
829 1723 877 1774 est
896 1709 1135 1797 interpretatio,

185 1871 265 1933 quae
303 1852 343 1928 ad
388 1851 543 1934 ejusmodi
586 1849 675 1913 ducit
722 1851 1004 1930 consequentias?
1061 1855 1139 1920 Pur.

185 2012 222 2058 ro
251 1992 396 2058 conditio
421 1990 595 2056 liberorum
624 1991 872 2056 adulterinorum
903 1991 998 2073 longe
1027 1995 1140 2061 melior

187 2131 270 2198 foret
302 2151 395 2213 quam
428 2132 644 2213 naturalium,
674 2131 731 2212 qui
758 2145 861 2198 tamen
889 2132 1005 2215 majore
1031 2134 1141 2203 favore
1170 2125 1178 2136 ’

187 2276 324 2358 gaudent
353 2293 391 2340 ex
421 2276 501 2358 lege.
556 2273 698 2339 Tandem
736 2270 831 2340 liceat
866 2273 1137 2359 animaduertere,

188 2419 316 2501 proprie
342 2431 405 2485 art.
425 2433 487 2497 240
509 2433 575 2480 non
601 2417 734 2495 violari,
759 2419 788 2482 si
813 2417 901 2482 filius
922 2415 1082 2499 legitimus
1103 2420 1140 2486 in

189 2579 266 2626 casu
305 2559 475 2641 proposito
509 2556 622 2638 probet
665 2559 766 2624 filium
800 2559 1001 2640 naturalem,
1044 2578 1139 2642 quem

174 2718 279 2785 pater
304 2703 338 2768 in
369 2714 558 2767 testamento
595 2699 756 2779 vocavit,
795 2717 865 2765 esse
895 2702 1136 2786 adulterinum

191 2863 286 2925 narn,
318 2861 424 2910 nonne
447 2854 534 2925 pater
558 2843 622 2928 jam
644 2859 716 2905 eum
745 2843 877 2924 agnovit
900 2855 1059 2924 tamquam
1085 2861 1142 2909 na·

190 2988 350 3053 turalem‘l

235 3125 322 3191 Haec
349 3127 473 3207 omnia,
504 3129 648 3208 quamvis
675 3116 768 3193 rebus
791 3127 943 3210 judicatis
971 3130 1038 3193 sint
1063 3145 1144 3194 con·

192 3266 306 3348 truria,
334 3282 438 3334 tamen
465 3280 526 3333 tam
555 3271 661 3352 magni
685 3269 779 3334 nobis
804 3266 950 3334 videntur
965 3268 1142 3350 momenti,

192 3395 239 3476 ut¹
264 3424 400 3492 prorsus
437 3409 471 3476 in
503 3411 716 3476 Delvincurtii
752 3410 936 3507 sententiam
975 3409 1144 3474 descenda-

194 3569 294 3630 mus,
318 3566 353 3617 ut
373 3565 404 3618 et
423 3554 457 3618 in
478 3572 555 3619 casu
578 3551 749 3636 proposito
767 3552 827 3617 lilii
848 3549 981 3633 legitimi
999 3551 1143 3632 exceptio

193 3691 419 3776 admittenda,
432 3694 528 3760 uobis
546 3697 701 3763 videatur.
732 3692 837 3758 Uxori
859 3691 958 3779 igitur
975 3692 1037 3760 soli
1054 3712 1143 3760 com·
1209 3725 1211 3731 ·

735 3837 804 3920 Fu
1090 3852 1195 3917 ae·w
