2662 4776
190 370 233 443 ao
324 361 704 438 orssnnratro
739 359 1017 453 Junrurcn

183 551 415 631 declaraverit,
447 550 594 617 maritum
628 568 695 619 non
728 567 798 616 esse
823 563 945 632 patrem
973 547 1108 616 infantis
1127 580 1175 630 s

183 706 277 774 quem
315 690 463 772 peperit?
516 690 612 755 Ratio
647 688 813 755 dubitandi
840 689 916 755 oriri
948 690 1083 753 videtur·
1105 700 1145 753 er

181 846 243 896 art.
265 829 308 899 C,
329 829 373 894 C.
404 846 475 915 313.
507 847 574 910 quo
599 846 636 892 ex
660 840 734 892 actu
755 825 986 892 occultationis
1013 828 1143 893 tacitam

184 966 295 1034 uxoris
316 966 508 1049 agnitionem
529 964 647 1031 efficere
664 966 759 1044 licet,
780 978 928 1047 partum,
951 983 1044 1046 quem
1063 982 1145 1030 con·

182 1106 292 1188 cepit,
313 1121 383 1170 esse
409 1104 646 1184 adulterinum,
677 1121 775 1184 quare
801 1103 902 1185 igitur
931 1104 1025 1169 tacita
1049 1104 1142 1186 ugnid

190 1245 238 1311 tio
260 1241 365 1326 pluris
388 1254 439 1306 est
469 1239 646 1322 momenti,
680 1259 775 1323 quam
805 1257 956 1326 expressa
987 1255 1019 1304 et
1046 1241 1145 1304 mani·

191 1381 275 1447 festa
303 1377 414 1475 uxoris
440 1376 636 1484 declaratio?
676 1378 737 1442 Sed
761 1379 956 1462 objicimus,
979 1376 1143 1458 regulam,

190 1511 296 1588 Pater
313 1526 384 1598 cst,
407 1533 499 1602 quern
517 1518 652 1601 nuptiae
665 1515 885 1582 dornonstrunt
904 1516 1009 1580 nullas
1030 1515 1146 1580 admit·

188 1669 253 1721 tere
270 1653 471 1736 exceptiones
496 1652 559 1719 nisi
586 1671 667 1737 quae
685 1656 891 1719 continentur
909 1652 1053 1721 articulis
1082 1671 1144 1736 312
1215 1689 1243 1700 ·=

186 1806 219 1858 et
244 1809 326 1875 3133
359 1790 393 1855 in
421 1788 563 1855 favorem
592 1790 787 1856 matrimonii
813 1807 845 1856 et
872 1791 1045 1857 liberorum
1070 1790 1148 1856 haec

194 1929 302 2012 regula
331 1942 382 1993 est
410 1926 600 1993 constituta.
640 1927 798 1993 Praeterea
820 1929 883 1995 hoc
903 1927 993 2016 Juris
1024 1926 1146 1996 Gallici

193 2041 399 2150 principium¹
422 2079 493 2146 est,
532 2084 573 2132 ne
606 2080 734 2132 constet
759 2066 814 2132 de·
830 2082 920 2135 statu
951 2069 1151 2149 liberorum,

193 2220 299 2270 stante
338 2204 543 2270 matrimonio
576 2219 832 2286 conceptorum,
868 2226 908 2274 ea
936 2207 1152 2274 declaratione

192 2355 358 2423 parentum
381 2343 474 2426 (4).
520 2339 679 2425 Quaenam
708 2344 789 2408 enim
813 2343 892 2411 fides
916 2345 976 2412 etit
1002 2344 1147 2411 habenda

192 2476 319 2543 mulieri
338 2476 518 2554 adulterae,
545 2478 639 2560 cujus
657 2479 828 2547 declaratio
848 2501 887 2546 ex
908 2482 997 2566 turpi
1021 2497 1052 2548 et
1073 2482 1146 2550 uio*

195 2620 280 2685 lenta
306 2614 438 2680 libidine
465 2614 619 2698 originem
654 2602 828 2685 duxeritl'
862 2620 1035 2689 Contraria
1065 2638 1150 2687 uxor

197 2755 292 2837 cujus
315 2754 435 2820 crimen
458 2750 661 2819 manifestum
681 2753 746 2819 lere
765 2771 833 2838 est,
857 2775 896 2823 eo
913 2758 1003 2840 quod
1020 2773 1147 2840 partum

195 2891 425 2971 occultaverit,
449 2905 560 2971 metu,
591 2910 629 2984 ne
653 2893 721 2975 ejus
748 2895 854 2980 editus
880 2897 997 2961 marito
1020 2897 1150 2978 detega-

196 3041 279 3109 tur,
300 3027 529 3107 praesumtioni
543 3044 653 3096 contra
672 3051 738 3096 eam
763 3051 870 3098 ansam
897 3033 1046 3116 praebet,
1069 3044 1154 3117 'quae

196 3165 248 3233 uel
264 3166 396 3232 maxime
411 3165 634 3247 aequiparatur
653 3169 701 3234 illi
718 3171 948 3253 praesumtioni
958 3185 1064 3260 pater
1080 3184 1153 3254 est,

196 3325 287 3395 quern
315 3307 446 3392 nuptiae
465 3302 698 3375 demonstrant.

1060 3449 1095 3528 S.
1119 3467 1154 3516 a.

237 3625 307 3706 (4)
325 3629 450 3695 Journal
474 3627 520 3686 u'ut
541 3632 705 3704 audientes,
730 3643 797 3695 tant.
811 3631 878 3699 VII.
894 3634 1064 3710 supplement
1083 3647 1155 3711 pag.

193 3742 262 3807 aar.
