2662 4776
97 452 101 465 ⁸
178 390 203 457 4
309 339 1022 451 nusssuuworuurorcu

191 566 348 634 cuerunt3
372 552 430 618 sed
457 548 505 616 uti
530 548 616 632 opud
632 547 776 615 diversos
801 544 944 630 populos
969 563 1072 614 mores
1100 545 1151 612 iu·

198 693 312 775 primis
336 696 401 762 rim
423 710 511 758 suam
539 688 734 757 exercuerint
760 688 792 754 in
818 691 931 770 poenis
949 686 1150 753 constituen-

80 915 84 921 ῃ
198 832 272 915 dis,
294 835 338 900 its
357 835 449 902 etium
468 834 655 902 adulterium
675 827 852 925 pruneriis
871 831 1064 912 populorum
1082 846 1153 897 mo·

197 972 287 1041 ribus
313 992 379 1045 non
401 993 525 1060 semper
555 973 669 1042 iisdem
685 973 801 1057 poeuis
818 968 884 1037 fuit
908 983 1098 1054 repressum.

787 1144 815 1196 fl.

587 1173 744 1333 Ιδιο.

416 1526 470 1595 Dc
490 1528 654 1598 adulteris
675 1527 765 1616 Jure
788 1527 948 1598 Romano.

249 1812 339 1901 Quid
362 1829 466 1882 mores
484 1813 538 1881 hic
558 1809 740 1893 effecerint,
758 1809 851 1878 facile
869 1811 1009 1896 perspici
1036 1818 1168 1891 potest,

208 1970 269 2020 nec
291 1951 456 2035 indignum
483 1965 520 2017 ut
538 1949 740 2035 inquiretur3
765 1952 852 2032 quod
868 1962 905 2015 ut
925 1947 1071 2016 faciliore
1095 1962 1166 2010 mo-

211 2096 254 2161 do
270 2093 348 2170 list,
370 2092 431 2159 tris
453 2092 695 2177 distinguuntur
720 2107 885 2174 tempors3
907 2109 1019 2175 nempe
1043 2092 1175 2174 Respu-⁸

212 2233 299 2301 blica
319 2230 447 2312 libera,
470 2233 677 2297 inonsrclica
696 2233 827 2317 imperii
844 2232 985 2315 forma,
1007 2245 1040 2298 et
1061 2246 1168 2318 recep-

214 2379 261 2444 tio
281 2373 461 2461 Religionis
482 2371 700 2441 Christianae.

118 2539 122 2545 ·
164 2510 167 2515 ’
261 2517 369 2584 Primo
397 2511 588 2593 reipublicae
613 2513 729 2579 liberae
752 2513 971 2596 temporibus,
995 2533 1069 2581 cum
1098 2532 1169 2580 mo·

221 2657 311 2723 ribus
334 2653 539 2736 simplicibus
569 2668 600 2719 et
627 2655 835 2738 integerrimis
868 2670 1030 2722 uterentur
1048 2647 1170 2723 Rome·

222 2800 283 2882 ni,
314 2795 441 2881 gravius
468 2795 504 2861 in
529 2812 641 2860 uxores
667 2799 823 2863 adulteras
853 2762 1169 2867 auimtdvertcbatur.

224 2937 352 3008 Primus
370 2937 466 3020 hujus
486 2934 639 3002 Criminis
657 2938 821 3004 coercendi
840 2952 958 3016 causa,
980 2936 1078 3019 legem
1097 2956 1174 3018 pro·

226 3077 339 3165 posuit
361 3075 544 3155 Romulus,
575 3095 638 3159 qua
667 3077 771 3143 mariti
798 3077 930 3144 arbitrio
951 3095 1083 3160 poenam
1105 3097 1177 3163 per·

229 3222 341 3302 misit,
357 3232 394 3285 et
416 3216 560 3284 occidere
587 3217 715 3298 quidem
737 3218 785 3284 ilii
807 3219 901 3285 licuit
920 3219 1016 3305 (1),
1038 3222 1068 3288 si
1096 3238 1178 3285 uxor

152 3340 156 3349 ’
228 3357 377 3434 adulterii
389 3357 538 3426 convicte
554 3359 620 3440 sit,
634 3361 731 3428 modo
746 3378 874 3430 causam
892 3379 966 3431 cum
981 3341 1177 3445 propinquis

723 3470 725 3474 ι
1025 3473 1028 3476 .
1102 3521 1183 3589 cog·

189 3739 193 3747 ι
264 3681 337 3766 (l)
366 3686 454 3749 Dios.
470 3683 568 3748 Halic.
593 3684 644 3746 lib.
661 3682 705 3751 11.
727 3705 753 3749 c.
770 3688 820 3752 26.
