2670 4778
136 454 139 467 Ι
217 393 241 460 4
347 365 1061 456 DISSERTATIOJURIDICA

229 569 387 637 euerunt;
411 556 468 622 sed
496 553 544 620 uti
567 552 655 636 opud
671 552 815 620 diversos
840 551 983 636 populos
1007 570 1110 620 mores
1138 553 1189 620 in·

236 695 350 778 primis
374 699 439 765 rim
462 714 550 762 suurn
578 693 772 761 exercuerint
798 694 830 758 in
857 697 970 776 poenis
988 693 1188 760 constituen-

118 917 122 923 ῃ
236 835 310 918 dio,
332 838 376 904 itr
395 839 487 906 etium
507 838 694 906 adulterium
713 852 774 920 pro
793 832 890 900 variis
910 837 1102 918 populorum
1121 853 1192 904 mo·

235 975 326 1044 ribus
351 996 417 1049 non
439 997 563 1064 semper
593 977 707 1047 iisdem
723 978 839 1063 poenis
856 974 922 1043 fuir
946 990 1136 1061 repressum.

825 1150 853 1197 ii.

625 1178 781 1338 ⁸§.m

454 1530 507 1599 Dr
528 1532 692 1602 adulterio
713 1532 803 1621 Jurs
826 1533 985 1605 Romano·

286 1816 377 1904 Quid
399 1833 504 1886 mores
521 1817 576 1885 hic
595 1814 777 1898 effecerint,
795 1815 889 1884 facile
907 1818 1047 1903 perspici
1074 1825 1205 1898 potest,

245 1973 305 2023 noc
328 1955 493 2039 indignum
521 1969 557 2021 ut
574 1954 777 2041 inquiratur3
802 1958 889 2038 quod
906 1969 943 2022 ut
963 1954 1109 2023 faciliore
1133 1970 1203 2018 mo-

248 2099 291 2165 do
307 2097 384 2175 ilat,
406 2096 467 2163 triu
490 2097 733 2182 distinguuntur
757 2112 921 2181 temporr3
944 2116 1056 2182 nempe
1080 2099 1211 2181 Respu-¹

249 2236 335 2304 blica
356 2234 483 2317 libera,
507 2239 714 2303 monurchica
733 2239 864 2323 imperii
881 2239 1022 2322 forma,
1044 2252 1077 2305 et
1098 2253 1205 2325 ποορ·

251 2383 298 2448 lio
317 2377 498 2465 Religionis
519 2376 737 2447 Christianae.

297 2521 406 2588 Primo
433 2516 625 2598 reipublicae
650 2519 766 2585 liberae
788 2519 1008 2603 temporibus,
1032 2540 1105 2588 cum
1135 2540 1206 2587 mo·

257 2661 348 2727 ribus
371 2658 575 2740 simplicibus
605 2674 637 2726 et
663 2660 871 2744 integerrimis
905 2677 1067 2729 uterentur
1085 2654 1206 2730 Roma'·

258 2804 319 2886 ni,
350 2800 478 2886 gravius
504 2801 536 2866 in
565 2818 677 2867 uxores
703 2805 859 2871 adulteras
889 2769 1205 2874 animudvertebrtur.

260 2943 387 3012 Primus
406 2942 502 3026 hujus
522 2940 675 3008 Criminis
693 2945 857 3011 coercendi
877 2960 995 3023 ceusu,
1017 2943 1115 3026 legem
1133 2964 1210 3028 pro·

262 3082 375 3170 posuit
397 3080 580 3162 Romulus,
611 3102 674 3166 qur
704 3085 807 3150 mariti
834 3084 966 3151 arbitrio
987 3103 1119 3167 poenam
1141 3105 1212 3171 per·

265 3227 377 3308 misit,
393 3237 430 3291 et
452 3223 596 3290 occidere
623 3224 751 3305 quidem
773 3225 821 3291 illi
844 3226 937 3293 licuit
956 3227 1052 3312 (1),
1074 3230 1104 3296 si
1132 3246 1213 3293 uxor

187 3346 191 3354 ⁶
264 3363 413 3439 adulterii
425 3364 574 3432 convicta
590 3366 656 3446 sir,
670 3368 767 3435 modo
782 3386 910 3438 courum
928 3387 1001 3439 rom
1017 3349 1213 3453 propinquis

1137 3529 1218 3597 cog·

224 3746 228 3754 r
299 3687 372 3772 (r)
401 3692 488 3755 Dion.
505 3690 603 3755 Haiic.
628 3691 680 3753 lib.
696 3690 741 3759 11.
763 3713 789 3757 c.
806 3696 855 3760 26.
