2662 4776
371 390 933 482 ruauuuunurs
1105 396 1158 504 η’

192 608 267 678 3¹2·
307 591 400 660 etiam
435 598 523 674 quod
560 597 600 662 ad
643 597 703 661 hoc
736 594 931 678 generalibus
961 599 1146 670 continetur

191 729 320 812 verbis,
353 733 477 800 nullum
504 751 612 799 eorum
637 732 802 814 definivit,
834 733 917 798 unde
941 733 1067 803 efficere
1100 741 1142 806 li·
1225 797 1227 800 ,

189 888 299 950 cerer,
321 871 468 937 maritum
496 891 562 938 non
582 871 730 954 potuisse
755 871 938 938 cohabitare
957 890 1032 938 cum
1058 895 1138 944 uxo.

187 1028 234 1074 re.
274 1009 342 1092 Jam
370 1010 552 1093 quaeritur,
581 1029 657 1076 num
684 1010 737 1076 illa
768 1010 903 1094 physica
929 1011 1143 1092 impossibili·

187 1159 238 1211 tas
263 1149 405 1229 existat,
435 1149 463 1213 si
489 1150 534 1214 sit
570 1148 817 1231 separariotori
847 1161 880 1212 et
912 1167 1034 1215 mensae
1064 1169 1140 1231 pro·

189 1287 334 1354 nuntiata
354 1287 439 1360 inter
461 1288 641 1374 conjuges?
674 1286 798 1354 nullum
824 1303 899 1352 vero
923 1286 999 1351 huic
1025 1305 1138 1371 quaes·

188 1422 269 1488 tioni
293 1424 425 1489 dubium
449 1426 554 1491 inesse
578 1424 760 1504 videbitur,
782 1424 810 1490 si
828 1427 1049 1507 attendamus,
1074 1443 1140 1490 ma·

190 1561 333 1626 trimonii
358 1562 523 1626 vinculum
550 1580 617 1630 non
650 1581 720 1627 esee
748 1559 912 1640 solutum}
943 1540 1053 1646 regula
1079 1563 1140 1645 igi·

186 1714 258 1780 tur,
277 1713 375 1789 pater
395 1712 462 1780 cst,
485 1719 576 1786 quam
600 1702 732 1788 nuptiae
747 1697 987 1783 demonstrant,
1014 1700 1148 1789 subsis-⁴

190 1839 250 1904 tit:
269 1840 333 1923 jam
354 1839 381 1902 si
412 1838 617 1920 quaerimus,
638 1854 714 1902 num
736 1838 936 1906 cohabitatio
954 1839 1000 1906 sit
1024 1841 1137 1923 physi-

146 1968 149 1971 ⁴
186 1997 222 2041 ce
251 1975 487 2060 impossibilis,
512 1993 677 2058 propterea
697 1976 785 2055 quod
811 1976 875 2040 toti
897 1990 928 2040 et
947 1995 1072 2044 mensae
1090 1996 1140 2042 se·

185 2115 309 2196 paratio
342 2115 479 2196 existat,
509 2127 593 2179 certe
620 2114 768 2212 negando
799 2125 848 2177 est
863 2116 1140 2195 respondendum·

229 2251 374 2334 Denique
401 2255 449 2317 lex
472 2265 531 2320 att.
556 2252 600 2318 C.
623 2255 664 2320 C.
689 2271 763 2336 313»
779 2252 883 2324 mariti
911 2252 1139 2320 recusationem

185 2388 346 2470 admittit,
368 2389 402 2453 in
424 2407 518 2459 causa
536 2391 711 2470 adulterii,
734 2389 763 2455 si
793 2407 875 2455 uxor
892 2389 1039 2463 maritum
1067 2409 1140 2472 par·

185 2543 252 2607 tutu
300 2529 416 2602 editum
449 2528 625 2612 celaverit3
660 2531 724 2614 jam
752 2528 934 2609 quaeritur,
968 2547 1045 2600 num
1076 2529 1138 2596 hoc

187 2684 263 2730 casu
290 2668 492 2747 requiratur,
515 2680 551 2730 ut
576 2667 614 2736 de
635 2666 790 2736 adulterio
815 2666 1039 2749 perjudicium
1061 2685 1138 2732 cort·

123 2870 124 2874 ,
182 2819 271 2886 stet,
293 2821 335 2871 an
361 2821 437 2868 vero
467 2802 602 2886 simplex
620 2819 739 2886 ‘partus
769 2803 844 2870 editi
870 2804 1045 2876 occultatio
1066 2803 1138 2868 stri·

183 2943 293 3025 ficiat3
317 2940 372 3022 qui
402 2941 476 3018 huic
504 2941 684 3024 quaestioni
710 2942 890 3036 affirmando
915 2940 1137 3038 respondent,

185 3082 248 3146 boc
282 3093 415 3145 utuntur
438 3091 645 3163 argumento,
669 3081 865 3165 graviditatis
886 3081 1132 3155 occultationem

183 3222 222 3295 ab
243 3237 343 3287 uxore
367 3216 507 3299 factam,
527 3238 591 3285 non
609 3238 677 3285 esse
703 3233 823 3287 certum
853 3221 921 3304 ejus
942 3218 1048 3283 delicti
1076 3231 1138 3282 tes·

181 3357 373 3439 timonium,
397 3371 433 3421 ut
461 3357 533 3424 inde
559 3360 690 3440 pendeat
726 3372 829 3422 status
858 3356 1015 3436 infantis3
1038 3374 1136 3437 posse

175 3495 291 3589 ‘adesse
317 3495 394 3576 alias
431 3495 601 3583 hujusrei
638 3513 763 3574 causas.
818 3495 903 3560 Haec
931 3506 1034 3556 tamen
1070 3509 1137 3570 non

182 3634 393 3717 impediunt,
429 3633 602 3715 quominus
631 3635 804 3699 contrariae
835 3630 1005 3697 sententiae
1032 3627 1146 3703 favet-s

184 3792 278 3861 tuus,
301 3776 567 3856 praesumtionem
598 3773 708 3852 delicti
734 3769 812 3838 satie
835 3787 904 3846 esse
934 3785 1084 3851 gravem,
1107 3771 1137 3839 si

637 3912 730 3999 ba
903 3989 941 4001 m
1074 3928 1147 3999 uo
