2662 4776
225 398 267 485 ⁶4
357 385 748 500 nrssnrt'rnmo
778 385 1042 472 Journrcs

215 576 359 647 adulterii
379 573 592 655 deprehensos
609 572 754 640 occidere
776 573 874 660 (ιι)
894 573 1041 656 loquitur
1058 570 1097 638 de
1113 591 1171 637 rc«

217 722 274 788 bns
291 717 465 794 Venonis,
487 707 523 778 t‘n
543 715 608 803 ipso
623 714 774 799 flagitio,
795 718 921 806 inipso
940 710 1169 801 turpitudincp

219 880 287 931 nou
313 878 387 924 vero
415 858 448 924 in
467 855 618 936 casibus,
641 856 759 937 quibus
773 859 919 942 judicum
940 859 1023 938 erit,
1045 853 1170 920 adulte·

222 1004 263 1070 rii
286 1019 406 1086 poenas
431 1011 543 1064 contra
564 1014 692 1063 uxorem
723 1002 953 1081 pronuntiare,
975 999 1031 1064 ubi
1042 1035 1061 1082 ,s
1078 1009 1114 1062 ut
1134 995 1169 1059 in

220 1146 293 1216 aliis
312 1142 460 1221 delictis,
481 1138 630 1221 probatio
642 1224 644 1230 ,
656 1134 763 1205 delicti
780 1136 932 1209 efficiatur
952 1159 990 1206 ex
1009 1160 1178 1222 praesum·

221 1285 364 1351 tionibus
382 1277 560 1344 efficacibus
586 1293 618 1344 et
635 1280 813 1345 manifestis
831 1283 850 1365 (
860 1285 950 1368 ruia
971 1283 1177 1366 distinguens

126 1443 128 1447 ’
221 1426 281 1491 dos
301 1423 399 1504 igitur
423 1434 495 1483 csse
519 1434 614 1483 casus
634 1418 709 1484 illos
732 1419 910 1501 speciales,
934 1421 1055 1503 quibus
1076 1425 1176 1505 pttri·

221 1567 286 1631 bus
309 1576 340 1628 et
367 1559 488 1626 maritis
510 1559 560 1624 lex
586 1558 752 1642 permisit,
774 1560 807 1627 in
828 1560 983 1628 adulterio
1001 1565 1176 1649 deprehen·

227 1727 282 1774 sos
306 1704 468 1782 occidere,
490 1703 530 1766 ab
553 1703 596 1771 iis
616 1703 886 1789 generalioribus,
916 1706 1037 1788 quibus
1056 1710 1179 1792 judicia

224 1860 274 1914 cst
301 1863 437 1928 poenas,
464 1844 496 1909 in
523 1844 676 1910 adulterio
705 1845 924 1930 constitutas,
954 1850 1175 1930 pronuntiare.

220 1989 344 2056 Deinde
367 2006 479 2055 omnes
514 1984 580 2051 fere
607 1986 691 2073 juris
720 1986 907 2056 criminalis
936 1991 1086 2058 doctores
1119 1993 1181 2058 do.

224 2144 318 2210 cent,
353 2130 386 2194 iu
415 2128 567 2207 casibus,
598 2129 655 2194 ubi
681 2127 747 2194 fere
773 2129 908 2213 physica
937 2132 1088 2214 probatio
1114 2134 1181 2201 fieri

135 2281 136 2285 ’
223 2289 289 2339 non
326 2282 456 2350 potest,
485 2266 681 2332 artificialem
715 2285 784 2332 esse
816 2270 1065 2358 admittendam,
1095 2293 1177 2359 quae

230 2408 381 2476 consistit
405 2408 438 2473 in
469 2407 781 2489 praesumtionibus,
813 2411 912 2475 modo
928 2411 996 2476 sint
1011 2413 1180 2502 efficaces,

226 2545 432 2625 manifestae,
454 2557 485 2608 et
513 2542 665 2608 nonsibi
696 2541 882 2609 contrariae·

268 2686 416 2768 Denique
442 2680 597 2767 principia
621 2681 698 2748 haec
729 2701 861 2765 quoquc
886 2701 963 2752 aunt
980 2692 1098 2776 ,secun
1134 2694 1183 2778 ii,

232 2831 288 2913 qui
315 2826 450 2898 Codicis
474 2825 591 2891 Ciuilis
612 2795 790 2907 exemplum
808 2844 1048 2909 proposuerunt
1069 2837 1178 2922 (13),

268 2972 338 3055 Jam
368 2970 470 3032 adhuc
497 2965 756 3045 dicendumst,
786 2966 830 3030 C.
858 2966 895 3032 P.
919 2970 1088 3039 articulum
1116 2988 1181 3064 336

227 3112 339 3180 marito
366 3111 515 3189 denegare
538 3103 745 3186 facultatem,
783 3111 953 3176 accusandi
984 3130 1122 3185 uxorem·
1146 3140 1180 3188 a·

218 3250 381 3328 vdulterii,
401 3247 429 3314 si
449 3250 517 3330 ipse
534 3246 677 3311 habuerit
697 3248 908 3316 concubinam
927 3252 960 3319 iu
977 3256 1074 3325 domo
1090 3279 1181 3328 com·

1112 3418 1184 3470 mu·

222 3596 225 3604 ·
268 3555 367 3633 (rr)
394 3553 502 3628 Inoo,
522 3571 582 3624 22,
600 3567 654 3626 23,
674 3569 732 3626 24,
749 3568 786 3629 ις
810 3555 850 3615 D.
870 3557 905 3617 L.
924 3573 953 3631 4.
971 3563 1004 3622 c.
1029 3559 1066 3618 ad
1089 3562 1184 3639 legen
1211 3545 1223 3561 ⁸

225 3659 280 3732 jul.
300 3656 338 3714 dc
358 3657 448 3718 adult.
470 3670 575 3716 coerc.

263 3755 354 3834 (ιι)
375 3761 410 3818 L.
429 3775 456 3831 3.
477 3761 519 3820 D.
538 3755 575 3815 de
592 3758 831 3819 accusationibus
852 3773 883 3821 et
899 3764 1152 3841 inscriptionibus.

263 3854 529 3936 (13)Maieriile
554 3875 626 3938 pag.
639 3847 707 3923 216.
739 3893 741 3897 ·
761 3916 765 3924 .
