2662 4776
291 306 987 440 '¹1nnncnnntrn'
1111 386 1132 461 7

192 546 359 630 imperium
385 550 501 616 sensim
529 548 675 632 evanuit,
698 551 789 616 etiam
816 564 923 631 patere
947 549 1070 617 videtur
1094 569 1135 618 ex

71 685 83 709 ¹
190 691 257 757 vita
281 687 402 756 Tiberii
423 711 440 756 a
469 691 625 756 Suetonio
646 691 749 777 (4);
780 704 848 755 tum
877 693 959 757 enim
987 693 1137 779 temporis

196 831 381 897 adulterium
406 833 468 916 jam
494 833 670 914 pertinebat
688 833 727 898 ad
746 831 877 914 publiea
891 834 1025 916 judicia.

234 973 321 1038 Haec
345 973 472 1055 omnia,
501 991 581 1055 quae
605 976 790 1040 dictasunt
817 970 855 1037 de
876 974 1052 1040 domestico
1081 977 1141 1042 im·

177 1115 304 1197 ·perio,
328 1133 394 1180 non
414 1128 519 1181 tamen
542 1115 772 1197 impediebant,
795 1133 862 1196 quo
879 1108 1015 1209 minus,³
1029 1117 1057 1183 si
1075 1136 1142 1185 non

192 1256 319 1338 puniret
343 1257 497 1340 maritus,
519 1239 649 1324 Praetor
668 1258 757 1339 prius
779 1256 817 1323 de
849 1258 1002 1325 adulterio
1030 1261 1141 1327 uxoris

192 1415 386 1481 cognoscere
408 1411 545 1482 posset,
577 1399 688 1466 deinde
713 1417 811 1481 vero,
844 1399 872 1465 si
897 1419 948 1467 eas
974 1402 1140 1468 damnave-

192 1541 257 1621 rit,
279 1540 456 1608 domestico
473 1542 608 1623 imperio
631 1541 735 1608 mariti
754 1556 786 1608 et
800 1542 1056 1625 propinquorum
1079 1557 1141 1609 tra·

189 1687 291 1765 deret,
314 1697 349 1747 ut
364 1683 427 1764 ipsi
443 1683 478 1747 in
496 1683 621 1764 privato
639 1683 752 1748 ineam
774 1683 1050 1750 animadverterent
1064 1686 1138 1772 (5).

188 1826 297 1911 Hujos
318 1823 362 1890 rei
385 1843 480 1891 causa
510 1843 580 1891 esse
601 1825 745 1906 videtur,
768 1794 938 1907 quoderat
961 1825 1137 1910 delictum,

193 1987 260 2049 quo
280 1984 383 2031 mores
398 1966 625 2046 laedebanturg
642 1966 676 2030 in
693 1983 828 2047 quornm
848 1963 1055 2030 violationem
1070 1984 1142 2048 gra·
1252 1972 1256 1978 '

177 2112 273 2174 -viter
290 2106 594 2173 animadvertebatur
609 2124 625 2169 a
641 2104 840 2171 censoribus
856 2150 869 2184 ,
887 2118 918 2168 et
935 2123 1071 2187 quorum
1091 2110 1140 2174 in·
1161 2112 1175 2155 ²
1260 2077 1263 2081 ’

190 2249 319 2335 tegritas
334 2249 468 2314 maxime
487 2246 626 2315 contulit
646 2247 684 2311 ad
702 2245 945 2329 Rempublicam
961 2242 1137 2317 Romanam

193 2364 412 2460 in‘summum
447 2388 614 2474 fastigium
649 2373 782 2454 honoris
813 2401 845 2454 et
877 2390 1035 2473 potentiae
1065 2410 1139 2461 eve·

186 2535 333 2604 herdam.

178 2708 182 2715 ⁴
231 2675 411 2761 Tempore,
440 2694 506 2758 quo
533 2674 703 2759 Augustus
728 2674 821 2740 solus
851 2694 954 2743 rerum
987 2678 1136 2763 potitus,

185 2819 293 2887 omnia
313 2839 351 2885 ex
368 2819 499 2886 arbitrio
521 2817 701 2884 moderabat
723 2828 755 2882 et
778 2815 952 2886 libertatem
978 2772 1141 2886 Romano·

184 2978 254 3026 rom
283 2962 416 3036 maxima
445 2938 533 3026 clade
559 2958 684 3041 affecit,
725 2978 790 3041 quo
825 2979 948 3030 morum
973 2940 1137 3047 integritas

176 3119 252 3168 -ttna
271 3121 343 3170 cum
370 3103 468 3168 libera
488 3099 666 3186 Republica
690 3117 721 3168 et
746 3116 796 3169 tot
822 3104 923 3187 viris,
952 3108 1073 3189 optime
1099 3105 1139 3169 de

1084 3244 1144 3310 Pa·

223 3421 294 3501 (4)
326 3426 434 3486 Suet.
460 3430 491 3487 in
514 3432 579 3486 vita
597 3425 703 3488 Tiberii
730 3449 757 3489 c.
775 3443 822 3505 35.
847 3439 988 3488 matronas
1012 3443 1141 3504 prostra-

184 3541 230 3587 tae
253 3527 432 3602 pudicitiae,
450 3531 566 3604 ouibus
594 3547 751 3590 accusator
781 3533 920 3608 publicus
945 3530 1080 3604 deesset,
1107 3542 1140 3592 ut

183 3631 346 3704 propinqui
364 3634 507 3707 majorum
528 3650 608 3693 more
626 3631 661 3694 de
680 3638 827 3697 communi
845 3634 991 3696 sententia
1010 3648 1138 3697 coerce·
1178 3614 1183 3626 ’

183 3742 266 3804 rent,
290 3749 392 3794 auctor
407 3737 475 3796 fuit.

222 3833 297 3914 (5)
326 3838 397 3903 Ltv.
423 3841 475 3902 lib.
491 3849 539 3916 39.
565 3852 627 3915 cap.
642 3841 687 3902 18·

224 3995 256 4047 Ι
330 4036 332 4041 .
